2792 4709
250 288 302 362 66
688 284 750 352 ott
774 282 917 351 canon

250 452 415 527 rationem,
437 468 515 532 quae
525 449 605 508 fasta
620 458 664 509 est
674 454 718 516 26
732 450 905 509 Decembris
919 444 1084 509 auno-Chr.
1095 449 1174 522 687,
1194 456 1265 527 post
1279 468 1356 507 con-

250 540 383 601 sulatum
399 536 538 595 Beliaarii
553 554 594 610 ιι,
616 538 774 595 Iustiniani
784 555 837 611 ιι,
858 533 921 594 ind.
937 536 995 608 15,
1016 536 1165 593 intersunt
1177 541 1223 592 tot
1235 536 1310 591 anui
1324 545 1356 593 et

251 622 317 683 dier
331 632 405 703 quot
418 640 436 681 a
447 617 635 700 Theophane
648 632 679 681 et
692 619 827 681 cedreno
841 630 1061 701 computantur.
1104 616 1185 677 nude
1197 616 1355 677 evidenter

249 718 334 789 patet
348 726 469 787 prorsus
485 703 664 765 hallucinari
678 708 840 766 Gneoulos
855 716 885 765 et
898 708 1056 785 scriptores
1070 704 1187 784 aliquot
1200 704 1354 763 inferioris

251 796 335 868 aeri,
358 794 410 875 qni
432 792 581 869 templum
600 790 790 873 Sophianuua
810 794 942 855 iutra17
956 809 1051 849 anuos
1069 791 1239 849 confectum
1254 788 1354 848 tradi-

251 876 338 955 darr,
360 880 404 935 uti
419 896 453 934 eo
466 879 577 954 pariter
588 876 654 937 loco
670 876 838 937 docuimus.

335 964 366 1029 6.
408 963 560 1019 lincaenia
572 981 660 1041 porro
676 963 709 1021 S.
719 960 851 1042 Sophiae
865 980 901 1019 co
914 978 974 1042 quo
987 957 1122 1019 diximus
1138 956 1188 1018 die
1201 960 1354 1017 celebrata

250 1048 353 1111 scribit
381 1048 573 1105 Marcellinus
598 1048 707 1107 Comes
729 1046 769 1107 ad
789 1045 921 1109 eundem
946 1063 1073 1103 annum:
1106 1044 1230 1102 αααίαεία
1255 1046 1355 1103 maror

254 1132 343 1212 Cpolt'
360 1130 400 1191 ab
416 1134 592 1209 isnpsratore
611 1133 781 1191 Iuatt‘rrr'uuo
798 1132 994 1212 singulariter
1006 1133 1040 1188 s'rr
1054 1130 1166 1189 mundo
1180 1141 1355 1189 commeatu

250 1218 407 1278 dedicatur
429 1218 478 1275 βία
498 1221 517 1281 6
536 1216 600 1275 λαὶ.
626 1218 799 1277 Ianuariae.
845 1214 1069 1296 Theophanes:
1100 1210 1199 1298 τούτῳ
1225 1220 1270 1277 rari
1294 1214 1355 1278 ἔτει

251 1303 327 1386 μηνί
344 1302 516 1402 Δεκεμβρίῳ
532 1298 577 1375 εἴ
591 1301 782 1377 ίνβικειιὶνος
798 1296 920 1382 πραίτης
934 1300 1039 1385 γίγανε
1052 1296 1090 1362 rai
1105 1294 1234 1382 πρότερα
1246 1280 1354 1381 ‘truat-

251 1412 305 1451 υια
322 1393 377 1466 τῆς
396 1393 525 1467 μεγαλης
542 1386 715 1467 ἐκκλησίας·
744 1388 797 1450 καί
818 1388 948 1468 ἐξῆλθεν
967 1384 989 1465 ιβ
1011 1382 1078 1466 λιτοὶ
1102 1379 1164 1448 siud
1185 1389 1241 1464 τῆς
1264 1384 1353 1467 ἁγίας

249 1466 459 1545 Ἅναστασίας,
480 1471 659 1553 καθημένου
684 1476 784 1553 Μηνᾶ
804 1477 862 1536 τοῦ
882 1466 1066 1552 πατριάρχου
1088 1469 1122 1533 lv
1143 1474 1187 1555 κρῖ
1207 1471 1353 1554 βασιλικῷ

251 1552 397 1639 ὄχηματι,
425 1555 477 1619 καί
500 1560 556 1619 τοῦ
580 1556 726 1639 βασιίίας
751 1553 975 1631 σνλλιτειίοντος
999 1560 1043 1641 τῷ
1066 1559 1136 1641 λαῷ.
1181 1575 1221 1614 ex
1241 1557 1353 1636 quibua

251 1639 457 1703 emendandus
477 1639 597 1701 ridetur
619 1642 767 1716 eodinus,
803 1646 855 1724 qui
879 1653 1034 1723 peractum
1054 1660 1129 1719 opus
1151 1644 1193 1703 22
1215 1640 1354 1700 eiusdem

249 1730 363 1788 mensis
385 1728 494 1801 refert,
522 1730 582 1787 uisi
599 1730 679 1787 iuter
696 1728 865 1787 confectum
884 1728 1033 1807 templum
1055 1738 1085 1785 ct
1104 1727 1187 1784 illius
1208 1728 1353 1785 encaenia

249 1814 421 1875 interfuisse
436 1822 576 1892 quattuor
591 1810 657 1873 dies
672 1812 811 1872 voluerit.
856 1811 1052 1872 dedicationis
1066 1820 1242 1891 apparatum
1257 1822 1287 1869 et
1300 1832 1353 1869 ce-

248 1898 419 1959 lebritatem
438 1897 574 1977 pluribus
594 1907 829 1957 commemorant
850 1897 934 1958 idem
956 1896 1089 1956 Codinns
1113 1907 1144 1954 et
1161 1899 1352 1976 Anonymus,

249 1986 304 2065 qui
317 1980 439 2041 tradunt
452 1984 652 2043 Iustinianum
667 1986 787 2043 solenni
797 2002 910 2063 pompa
922 2005 939 2042 e
953 1983 1066 2064 palatio
1080 2002 1134 2060 per
1144 1984 1354 2059 Angustaernn

249 2088 311 2127 una
324 2087 396 2127 carm
413 2064 579 2145 patriarcha
593 2071 626 2127 in
643 2070 802 2129 ecclesiam
817 2087 836 2126 a
849 2090 882 2129 ae
898 2078 1080 2127 exstructam
1093 2070 1282 2147 pervenisse,
1304 2077 1353 2125 at·

249 2170 311 2236 que
328 2156 361 2211 in
375 2150 451 2211 haec
463 2152 555 2211 rerba
567 2156 758 2234 prorupisse,
780 2150 924 2232 νενίκηκα
939 2172 972 2215 σε
986 2147 1145 2232 Σοίομαίν.

335 2241 366 2303 6.
407 2239 449 2295 At
464 2256 534 2295 curu
545 2256 607 2295 nou
620 2240 717 2298 multo
731 2249 800 2319 post
811 2240 981 2298 confectum
992 2258 1068 2317 opus
1082 2235 1165 2296 aedis
1179 2234 1353 2316 Sophianae

224 2352 227 2361 ·
249 2323 342 2385 trulla
361 2319 554 2396 concidisset,
575 2323 655 2382 facta
675 2344 794 2385 rursum
808 2343 888 2383 nora
903 2326 1056 2383 eumenia.
1099 2320 1228 2382 concidit
1250 2334 1353 2381 autem

250 2428 321 2489 pars
349 2408 501 2467 orientalia
531 2408 657 2483 trullae,
689 2429 731 2469 ex
752 2412 900 2469 continuis
923 2408 1174 2468 terraemotibus
1199 2419 1351 2487 perrupta,

249 2512 279 2552 a.
292 2498 333 2557 82
346 2494 519 2569 Iustiniani,
541 2512 661 2575 unaque
676 2505 707 2555 et
719 2514 834 2555 sacram
849 2514 987 2553 mensam
1000 2504 1030 2552 et
1043 2494 1189 2553 ciborium
1203 2503 1233 2551 et
1245 2494 1351 2551 arubo-

248 2598 322 2637 nem
344 2581 491 2639 oontrivit.
534 2577 590 2637 aed
609 2599 678 2643 cum
698 2600 766 2640 earu
787 2584 889 2640 statim
903 2578 941 2640 de
954 2599 1033 2638 novo
1046 2582 1242 2638 instaurarent
1259 2581 1350 2637 Insti-

249 2666 372 2736 uiuunt,
394 2664 577 2741 trullarnque
599 2666 690 2743 longe
712 2685 803 2745 quam
823 2678 911 2725 autea
929 2663 1087 2725 editiorem
1102 2662 1275 2738 eduxisset,
1298 2683 1350 2720 ae-

249 2745 321 2813 dem
339 2750 449 2805 iterum
463 2747 500 2803 ab
518 2746 668 2826 Eutychio
684 2748 851 2829 patriarcha
866 2749 998 2808 dedicari
1017 2752 1148 2823 curavit,
1171 2760 1204 2806 ut
1223 2750 1266 2805 ait
1288 2751 1349 2805 Zo-

249 2851 357 2907 naras,
378 2829 430 2893 καλ
447 2837 682 2911 καθιερωθῆναι
697 2830 779 2912 ruod
794 2829 947 2913 Εὐτυχίαν
961 2838 1017 2897 τοῦ
1028 2829 1214 2915 πατριάρχου
1228 2826 1262 2895 sd
1281 2826 1350 2894 θεό-
1374 2897 1375 2900 ,

248 2938 346 2998 ιερου.
389 2916 467 2973 facta
481 2926 583 2973 autern
595 2918 652 2974 ista
665 2922 806 2975 encaenia
818 2938 897 2976 anno
910 2930 978 2998 post
989 2922 1097 2977 trullae
1111 2938 1214 2977 casum
1227 2920 1348 2999 quinto:

249 3020 287 3062 eo
300 3004 383 3061 euim
397 2999 546 3059 referendi
561 3021 663 3060 versus
681 3004 769 3061 Pauli
782 3004 946 3063 silentiarii
958 3016 1034 3084 part.
1052 3010 1066 3068 1
1084 3024 1112 3063 ι.
1126 3007 1185 3066 37:
1373 2991 1374 3010 ¹

415 3085 512 3166 δάκρυ
528 3082 561 3149 δὲ
574 3086 774 3167 πενταέτηρον
789 3081 1005 3168 ἆποψήσαντες
1019 3084 1157 3168 ὀπωπῆς,
1372 3077 1373 3106 ¹

413 3168 569 3250 μέίψομεν
586 3165 737 3251 εὖφήμοις
750 3169 812 3238 n‘ud
828 3177 955 3254 χείλεσιν
973 3171 1105 3249 ednodus·
1116 3170 1243 3253 ὕμνους.

250 3253 332 3315 diem
346 3264 377 3314 et
392 3274 507 3314 aunum
520 3254 687 3317 distinctius
701 3268 824 3317 annotat
836 3257 1005 3319 chronicon
1019 3258 1275 3332 Alexandrinum,
1297 3260 1349 3316 ln·
1370 3261 1371 3294 ί

248 3342 372 3401 atiniani
395 3342 509 3400 scilicet
528 3359 557 3399 a.
576 3345 632 3416 36,
653 3341 758 3403 indict.
778 3346 833 3419 12,
855 3346 1011 3404 Decemhr.
1028 3344 1085 3409 24:
1106 3338 1205 3429 τούτῳ
1226 3350 1270 3426 τῷ
1294 3344 1350 3405 ἔτει
1369 3313 1370 3388 ί

248 3418 292 3497 λς’
312 3430 366 3505 τῆς
388 3418 600 3489 Ἰονστινιανοῦ
617 3427 785 3506 βασιλείας,
815 3429 890 3510 μηνί
908 3424 1067 3513 Ἀκυλλίῳ,
1090 3426 1166 3492 κατὰ
1186 3399 1369 3509 Ῥαμαίουςί

248 3512 441 3591 Δεκεμβρίῳ,
462 3505 508 3573 κδ’
525 3508 623 3596 η’μίρρι
636 3506 755 3599 πρώτη,
777 3516 832 3594 της
846 3509 886 3595 ιβ
901 3514 1105 3589 λνθικτιοὸνος,
1127 3512 1151 3594 η’
1169 3517 1232 3575 τῶν
1249 3513 1348 3595 tyran

248 3594 326 3659 κίων
339 3600 395 3675 τῆς
409 3592 497 3677 sirloc
509 3599 566 3659 τοῦ
578 3600 659 3659 θεοῦ
674 3594 806 3679 μεγάλης
823 3597 982 3678 ίκκλησίας
995 3602 1061 3659 ΚΠ
1070 3593 1103 3660 τὸ
1115 3592 1257 3675 δεύτερον
1271 3593 1349 3660 εἷπε-

247 3678 373 3760 τείίσθη
389 3676 487 3762 ἑορτή.
532 3678 581 3739 die
604 3684 694 3741 etiarn
715 3684 767 3764 qui
785 3678 896 3743 Christi
913 3685 1060 3743 Natalicis
1075 3682 1245 3763 praecedit,
1266 3683 1348 3743 cele·

247 3764 332 3825 brata
347 3784 383 3825 ea
400 3767 541 3825 encaenia
559 3768 657 3825 innuit
674 3766 757 3827 idem
770 3768 959 3829 silentiarius
975 3780 1051 3850 part.
1067 3774 1083 3831 1
1101 3789 1132 3827 v.
1147 3768 1227 3833 196:

140 3864 163 3917 Ρ
180 3862 231 3920 529
413 3849 540 3930 ἔπρεπεν
554 3850 650 3931 ἑξείης
665 3849 739 3932 μετὰ
752 3853 898 3918 θίσκελον
912 3847 995 3937 ἦμαρ
1008 3855 1105 3917 ἐκεῖνο

412 3932 559 4009 incedatur
574 3940 715 4016 Χριστσῖο
728 3938 885 4017 γενέθλιον
900 3932 983 4021 ἦμαρ
998 3940 1128 4001 latenas.

247 4036 290 4077 ex
308 4018 643 4099 quibusemendandus
664 4020 762 4082 codex
781 4022 978 4105 Theophanis
999 4024 1114 4097 editas,
1143 4024 1263 4104 quito
1286 4024 1346 4080 De·

247 4104 374 4163 cernbris
398 4103 446 4162 die
464 4116 583 4185 peracta
606 4110 749 4167 eumenia
769 4106 870 4169 habet.
920 4108 1030 4170 horum
1050 4128 1122 4167 vero
1144 4112 1346 4166 ceremoniam

245 4190 289 4246 sic
305 4188 446 4249 describit
462 4190 544 4249 idern
557 4188 779 4272 Theophanes:
801 4191 825 4275 η’
842 4192 876 4258 dl
889 4200 1037 4272 παννυχὶς
1050 4196 1112 4255 τοῖν
1128 4189 1232 4255 αὐτῶν
1247 4192 1346 4273 ἐγκαι-

243 4274 321 4337 νίυν
333 4275 455 4358 γέγονεν
472 4276 515 4353 είς
531 4271 585 4342 τείν
600 4270 690 4361 ἔριον
703 4273 867 4359 Πλάτωνα,
888 4278 941 4345 καί
958 4280 1087 4363 ἐξῆλθεν
1105 4277 1227 4345 ίκεῖθευ
1246 4275 1265 4341 d
1287 4303 1344 4341 πα·
