2792 4709
333 228 390 295 AD
414 226 870 301 u1caruoauuu0mu
1068 232 1150 305 ‘113

37 388 135 474 μέρη.
180 410 301 453 causam
327 402 391 453 tam
414 394 575 475 pertinacis
594 412 698 455 morae
714 392 819 455 nullus
834 390 1046 455 historicorum
1065 394 1153 455 offert

38 488 170 557 praeter
184 475 266 538 hnnc
280 477 499 559 Nicephorum:
520 499 592 539 sane
607 482 689 539 enim
703 480 771 539 ficto
785 481 840 541 illo
855 476 995 540 chosrcis
1009 479 1152 540 mandato

40 563 99 622 vel
119 566 234 623 invitus
252 565 393 625 substitit.
437 576 469 624 at
487 568 569 623 enim
582 566 704 625 turbant
719 563 871 626 cedrenus
887 584 924 624 ac
938 563 1152 646 Theophanes,

43 646 126 706 dum
139 668 169 707 a.
181 651 314 708 Heraclii
329 655 368 715 17
381 668 531 730 pugnasse
543 649 576 710 id
587 652 799 730 imperatorem
812 650 961 725 scribunt,
983 662 1016 709 ut
1028 650 1154 711 chosroi

43 744 198 795 terrorem
217 736 376 808 obiiceret,
400 753 459 816 quo
481 738 509 795 is
527 736 691 795 Sarbarum
704 755 723 794 a
736 736 874 815 Byzantii
887 734 1044 795 obsidione
1065 756 1156 795 revo-

46 828 144 877 caret.
189 822 301 879 etenim
318 822 345 879 si
360 817 418 879 hoc
433 831 588 899 tantopere
605 820 745 881 studebat
758 822 931 895 Heraclius,
953 820 1028 903 quid
1044 824 1156 880 attine-

44 903 104 961 bat
121 916 293 964 revocatum
309 904 439 964 eundem
455 909 672 967 commenticiis
686 907 781 965 literis
795 902 946 965 retinere?
988 904 1044 965 sed
1060 908 1155 965 nimi-

49 1008 123 1047 rum
147 1000 217 1048 aute
238 992 397 1050 Avancam
419 989 535 1049 cladem
556 1010 590 1050 ac
607 992 738 1051 solutam
752 993 889 1071 Byzantii
903 988 1090 1050 obsidionem
1106 1012 1157 1049 re-

50 1070 175 1132 trahere
198 1075 360 1135 Sarbarum
382 1078 493 1151 voluit,
515 1096 555 1134 ne
577 1096 594 1135 a
615 1075 732 1137 duobus
745 1077 960 1156 potentissimis
974 1077 1157 1135 exercitibus

52 1162 285 1238 opprimeretur.
327 1159 409 1221 idem
425 1162 476 1219 ubi
489 1162 616 1221 feliciter
628 1161 666 1220 ad
678 1163 784 1220 urbem
797 1172 882 1241 gesta
894 1162 994 1219 omnia
1006 1164 1156 1240 cognovit,

52 1246 165 1303 attritis
179 1264 290 1324 magna
305 1264 344 1305 ex
358 1257 442 1325 parte
459 1245 598 1306 chosrois
611 1248 744 1321 viribus,
766 1267 805 1305 ne
822 1266 891 1305 cum
904 1248 1073 1308 recentibus
1083 1247 1158 1307 Sar-

53 1328 124 1387 bari
147 1332 240 1409 copiis
261 1329 489 1391 instaurandum
511 1342 662 1391 certamen
684 1343 780 1407 asset,
800 1333 886 1391 nullo
905 1343 958 1389 aut
971 1331 1033 1390 levi
1051 1330 1158 1389 dome-

54 1416 131 1473 stico
161 1416 294 1493 periculo
325 1414 365 1475 ad
392 1415 612 1477 Chalcedonam
633 1420 810 1477 commorari
827 1435 934 1496 passus
958 1427 1013 1475 est.
1055 1418 1159 1496 itaque

56 1518 136 1579 quae
164 1518 182 1557 a
208 1499 342 1560 cedreno
365 1520 400 1559 ac
421 1500 610 1581 Theophane
631 1515 807 1574 narrantur,
839 1522 875 1561 ea
901 1502 999 1560 alieno
1024 1512 1158 1581 tempore

55 1595 200 1663 usurpata
221 1583 260 1643 ad
278 1590 446 1666 superiores
469 1606 563 1647 annos
585 1587 741 1646 referenda
754 1596 833 1646 smrt.
875 1588 966 1664 lange
982 1590 1100 1665 grava
1113 1596 1160 1645 est

57 1671 248 1729 constantini
268 1673 415 1731 Manassis
437 1674 470 1730 in
495 1670 552 1731 hac
577 1670 700 1731 historia
721 1675 840 1752 lapsus,
872 1675 925 1752 qui
944 1669 1097 1731 chosroen
1116 1673 1160 1729 ait

56 1756 240 1833 Byzantium
259 1774 356 1837 usque
379 1759 545 1816 exercitum
567 1756 708 1832 duxissa,
739 1776 831 1839 quem
850 1756 975 1836 quidem
992 1777 1048 1835 per
1067 1755 1159 1817 duces

58 1858 132 1899 suos
154 1840 309 1899 absentem
332 1844 434 1901 omnia
456 1845 583 1921 gessisse
606 1852 731 1902 constat.
781 1860 870 1921 porro
895 1843 997 1901 literas
1018 1840 1159 1921 deinceps
1175 1853 1199 1908 Ρ
1215 1853 1253 1911 69

60 1925 137 1983 alias
158 1944 176 1982 a
197 1923 329 1986 Chcsrot
344 1930 451 1987 missas
466 1938 496 1986 et
510 1948 528 1987 a
540 1930 684 1989 Romanis
700 1930 880 2005 interceptas
893 1926 1081 2007 Sarbarcqne
1095 1938 1162 1985 tra-

61 2008 139 2069 ditas
158 2021 281 2071 narrant
298 2008 503 2091 Theophanes
521 2022 551 2071 et
569 2012 731 2073 cedrenus.
774 2030 880 2071 verum
894 2031 947 2069 eae
959 2030 1020 2069 non
1034 2010 1074 2069 ad
1086 2012 1161 2071 Sar-

60 2095 169 2153 barum
184 2098 328 2177 scriptae,
350 2096 404 2157 sed
417 2096 456 2157 de
471 2117 508 2158 eo
519 2098 653 2159 necando
665 2097 706 2158 ad
718 2098 867 2177 collegam
879 2093 1091 2157 Cardaricham
1105 2096 1162 2157 da-

60 2190 112 2241 tae
125 2180 254 2241 fuerant.
635 2222 637 2231 ν

147 2286 178 2346 p·
196 2270 235 2331 19
252 2286 283 2326 v.
302 2269 352 2331 16·
373 2260 636 2349 Ἅδορυαδιγᾶνου]
653 2266 1010 2347 Androegamnominare
1022 2264 1162 2326 videntur

61 2348 157 2412 iidem
172 2352 220 2410 illi
236 2352 404 2430 scriptores,
427 2372 496 2411 cum
509 2352 631 2413 madunt
644 2352 793 2413 Chazarcs
807 2373 863 2434 per
874 2354 998 2432 Caspias
1012 2362 1115 2431 portas
1127 2354 1162 2411 iu

62 2434 242 2516 Androegae
258 2438 413 2515 regionem
427 2440 614 2518 emptionem
628 2439 745 2498 fecisse.

147 2541 181 2602 p·
194 2528 236 2588 20
252 2541 281 2581 s.
298 2526 327 2585 1.
371 2522 403 2585 οἱ
417 2520 602 2605 diutinam]
626 2544 728 2583 rursus
743 2526 857 2582 Avares
874 2541 893 2579 a
906 2519 1038 2581 Cbosroe
1057 2522 1162 2580 solici-

63 2608 120 2667 tati
136 2606 175 2665 ad
189 2608 296 2667 urbem
310 2606 483 2667 adveniunt.
522 2607 604 2689 quod
615 2628 642 2674 a.
657 2611 689 2668 c.
703 2608 765 2671 625
783 2608 874 2685 valgc
888 2608 1033 2665 tribuunt.
1054 2626 1163 2667 veram

64 2693 204 2773 sequenti
217 2696 316 2772 potius
331 2712 409 2753 auno
424 2692 568 2775 quadrat,
596 2705 631 2753 ut
647 2714 688 2753 ex
702 2692 909 2752 Alexandrino
925 2691 1072 2751 chronico
1088 2712 1164 2751 con-

66 2789 142 2852 stat,
171 2780 204 2836 in
225 2797 285 2861 quo
299 2776 415 2859 duplex
429 2782 493 2839 eius
509 2778 661 2839 character
676 2778 812 2838 traditur.
856 2780 968 2837 etenim
985 2774 1164 2853 lndict.14,

65 2864 197 2923 Heraclii
212 2866 267 2939 16,
294 2873 363 2944 post
375 2866 440 2926 eius
452 2866 641 2925 consulatum
655 2864 714 2940 15,
742 2864 875 2923 Heraclii
886 2882 958 2921 vero
971 2864 1097 2923 iunioris
1112 2863 1164 2937 14,

66 2968 170 3009 mense
186 2950 284 3025 Maio,
317 2947 367 3008 die
388 2947 445 3024 14,
478 2951 553 3009 feria
574 2947 612 3027 4,
641 2941 722 3035 adep
740 2954 781 3035 τῇ
800 2947 873 3032 ἁγίᾳ
893 2950 1165 3032 prememorati,

67 3032 189 3095 scholae
217 3045 318 3095 contra
335 3038 480 3094 loannem
499 3036 633 3095 Sismum
651 3034 793 3095 seditiose
813 3035 988 3093 convenisse
1013 3030 1165 3091 dicuntur.

69 3115 129 3179 duo
145 3117 238 3197 haec,
260 3122 405 3179 nimimm
419 3120 495 3179 feria
510 3122 531 3182 2
549 3124 624 3179 Maii
640 3118 681 3184 14
697 3130 727 3179 et
739 3121 780 3182 25
797 3117 863 3177 dies
876 3137 894 3175 a
909 3115 1062 3197 paschate,
1083 3135 1164 3198 qaae

70 3214 115 3264 est
134 3198 410 3286 μεσοπεντηκοσιῆ,
440 3209 562 3265 nonnisi
584 3224 653 3265 cum
673 3225 702 3263 a.
714 3205 747 3263 c.
763 3204 826 3267 626
848 3205 1014 3282 comparari
1027 3211 1164 3283 possunt,

70 3290 153 3369 cyclo
167 3292 257 3349 lunae
272 3291 327 3364 19,
348 3290 420 3349 solis
434 3289 515 3369 apud
531 3292 703 3371 cpolitancs
718 3300 803 3349 etex
813 3291 942 3348 Maximi
954 3286 1097 3348 methodo
1114 3286 1166 3350 1¹1.

70 3378 215 3435 terminus
231 3372 382 3456 paschalis
396 3376 509 3455 Aprilis
525 3378 576 3439 17.
620 3384 828 3435 concurrentes
842 3376 906 3433 sive
922 3384 1045 3452 epactae
1057 3375 1167 3437 solis2

71 3480 139 3519 cum
153 3460 339 3540 regularibus
354 3464 442 3538 δτῆς
453 3462 609 3535 uocaretur
626 3460 697 3519 dant
708 3462 816 3520 feriam
828 3459 859 3523 6.
889 3479 983 3540 quara
997 3464 1039 3524 20
1051 3458 1166 3537 Aprilis

72 3545 220 3605 dominica
233 3544 398 3626 paschalis,
415 3548 502 3605 litera
513 3548 539 3604 E
551 3546 630 3627 apud
643 3548 812 3620 Romanos,
827 3546 911 3625 cyclo
924 3546 1058 3605 solis19·
1074 3544 1167 3623 quin-

72 3636 245 3713 quagesima
268 3630 339 3691 inde
357 3630 438 3707 dies,
460 3629 519 3691 hcc
537 3642 582 3691 est
601 3625 806 3711 πεντηκοστή,
828 3632 952 3693 81unii.
996 3638 1026 3685 at
1040 3626 1082 3690 25
1101 3629 1165 3685 sive

72 3714 488 3862 iiiiiffii'iildiidi’
510 3712 1168 3882 “tttcht‘llllttm‘ttttlt

476 3844 485 3861 ·
648 3844 656 3860 ·
740 3845 748 3876 r

73 3889 164 3947 hassa
180 3886 324 3968 proditur,
346 3889 421 3945 alter
441 3908 472 3967 p.
489 3824 562 3962 ccli,
584 3888 638 3946 ubi
653 3888 783 3965 Augusti
796 3891 817 3949 2
832 3883 897 3943 dies
911 3885 988 3943 feria
1002 3886 1022 3944 7
1036 3892 1168 3939 notatur.

75 3975 164 4051 igitur
179 3974 266 4036 litera
288 3970 370 4031 dom.
393 3974 430 4031 E.
474 3972 555 4053 quod
577 3970 617 4031 ad
636 3968 794 4030 historiam
808 3972 983 4049 cpolitanae
1006 3964 1169 4025 obsidionis

76 4062 178 4119 attinet
196 4078 231 4117 ac
249 4058 434 4117 liberationis
455 4056 591 4117 eiusdem
603 4061 638 4116 B.
654 4058 787 4135 Virginis
804 4076 860 4135 ope
874 4074 910 4113 ac
925 4055 1092 4133 patrocinio
1104 4070 1170 4108 ser-

74 4154 167 4217 vatae,
182 4145 319 4223 pluribus
336 4162 371 4201 ea
385 4153 544 4203 narrantur
552 4146 585 4203 iu
600 4144 655 4203 illo
666 4140 814 4203 Chronico
827 4144 963 4223 itemque
974 4137 1057 4219 apud
1063 4134 1171 4195 Theo-

74 4226 204 4310 phanem
224 4240 253 4293 et
264 4226 443 4293 cedrenum.

114 4320 222 4393 Niccpi.
245 4320 333 4378 ema
556 4314 560 4327 ”
942 4306 965 4370 8
