2792 4709
216 164 266 239 aa
465 164 677 251 ocenum
698 166 755 269 u,
769 166 1075 239 amanuncus

302 335 376 401 182
416 334 579 395 minimum
602 332 774 417 discrepant
799 338 890 397 ceteri
918 334 1070 412 historici,
1102 332 1324 417 Theophanes,

217 416 387 496 cedmon,
408 423 542 481 zonam
560 430 592 479 et
611 418 814 502 Nleephorm,
836 425 891 505 qui
912 441 1018 483 ornnes
1041 421 1211 483 adfirmant
1230 426 1323 482 llere-

218 506 313 566 olinm
330 526 408 566 anno
422 506 543 587 imperii
558 508 607 567 sui
622 508 679 583 12,
699 504 904 583 christi622,
927 526 996 567 curn
1017 510 1079 567 iam
1097 506 1223 569 Pascha
1246 510 1325 568 cele-

217 596 348 669 brassct,
368 594 471 655 suum
486 594 520 650 in
536 590 693 652 Persidem
706 596 886 672 perrexisse.

257 684 261 689 ’
301 681 376 745 189.
416 680 451 737 in
471 675 575 738 codice
593 678 700 739 solitus
721 698 827 741 censor
846 670 1011 763 σεβᾶσμιον
1026 678 1058 737 in
1073 678 1252 763 sedechias
1271 700 1322 740 ro-

216 765 496 827 luissetimmntari.

300 849 374 914 140.
416 850 582 930 imaginem
601 843 831 934 eipesporsolrpeos
848 847 1007 925 describit,
1028 848 1067 909 de
1088 870 1151 931 qua
1172 848 1321 909 videndus

213 938 371 996 liretscrus
386 936 424 995 de
437 937 538 1016 Imog.
558 956 620 994 raon
630 936 751 1015 manus.
768 947 839 995 tom.
855 936 895 1000 15
905 957 942 1016 p·
959 938 1037 1011 1993
1059 954 1077 994 e
1095 956 1159 1018 quo
1177 934 1319 1018 equide-

213 1023 248 1082 in
261 1040 298 1081 eo
314 1020 474 1097 dissentio,
494 1018 578 1103 quod
589 1032 676 1102 putet
685 1023 866 1101 imaginem,
889 1038 949 1102 qua
962 1023 1097 1080 munitus
1114 1024 1281 1081 Heraclius
1291 1026 1319 1079 ie

213 1105 371 1168 Persidem
389 1110 513 1187 irrupit,
534 1107 627 1166 inisse
647 1104 843 1187 archetypam
863 1107 1143 1167 Camulianensem:
1165 1118 1202 1165 at
1222 1108 1318 1187 peullo

214 1204 285 1253 ante
300 1213 337 1271 p.
356 1196 418 1258 198
441 1214 482 1251 ex
504 1194 676 1271 Menologio
697 1196 762 1272 ipse
783 1201 909 1251 noverat
926 1212 965 1251 ne
985 1195 1091 1271 Sergio
1112 1192 1249 1275 quidem
1269 1213 1319 1272 pa·

216 1278 363 1339 triuohae
384 1280 504 1339 licerius
525 1297 594 1337 eam
613 1281 756 1354 retinere,
783 1288 813 1337 et
835 1280 952 1337 visione
974 1276 1105 1359 quadam
1125 1282 1319 1358 perterritum

214 1366 354 1435 coenobii
368 1363 524 1424 uriusdam
535 1364 720 1443 virginibus,
742 1382 760 1421 a
776 1364 886 1443 quibus
902 1364 989 1421 illam
1002 1360 1194 1439 abduxerat,
1218 1363 1317 1423 reddi·

215 1449 306 1511 disse.
338 1449 489 1533 quomodo
501 1452 594 1528 igitur
606 1448 734 1509 eandem
748 1450 913 1529 irueginem
927 1450 1082 1509 Heraclius
1094 1468 1203 1509 secum
1217 1470 1319 1529 aspor-

99 1553 107 1575 ⁴
213 1546 307 1595 tesaet
325 1537 359 1594 in
375 1534 555 1595 Persidem‘l
597 1533 740 1616 equidem
763 1554 869 1595 censeo
888 1538 1071 1613 imaginem,
1094 1554 1191 1615 quam
1215 1532 1318 1593 habuit

213 1616 1318 1785 iiiiii’,timistiftiiltttlttihilp{iiiiii

216 1792 353 1867 videtur,
372 1790 476 1851 Pisida
488 1789 692 1867 Edessenam,
715 1812 792 1872 quae
806 1811 825 1848 a
836 1788 953 1851 Christo
968 1796 1036 1851 lesu
1049 1792 1144 1851 linteo
1157 1794 1317 1871 impresse,

216 1887 247 1939 et
259 1876 299 1937 ad
311 1878 467 1959 Abgarum
476 1880 570 1936 missa
583 1874 708 1950 dicitur,
729 1876 781 1935 hic
794 1874 947 1955 designat,
970 1878 1130 1937 subiiciens
1142 1878 1318 1957 eamsrsr'are

214 1966 281 2023 eine
286 1956 411 2042 ps'etrerir
421 1962 462 2023 ab
476 1964 540 2041 ipeo
551 1960 831 2042 vobofiguratam5
852 1961 935 2043 quod
947 1960 1071 2044 quidem
1086 1962 1123 2021 de
1136 1966 1202 2023 solo
1218 1962 1319 2023 lides-

215 2068 289 2109 sena
307 2046 451 2107 traditum
470 2050 649 2127 accepimus.
690 2067 763 2106 nam
779 2046 817 2106 de
833 2049 1057 2109 (lamulianensi
1073 2047 1170 2124 unde,
1191 2058 1228 2108 et
1241 2068 1317 2131 quo-

212 2132 306 2195 modo
318 2135 410 2193 fuerit
422 2132 594 2208 efformata,
615 2134 705 2214 plane
721 2151 782 2192 uon
794 2144 928 2194 constat:
950 2146 980 2193 et
992 2136 1129 2217 quamvis
1138 2136 1221 2193 inter
1237 2130 1318 2217 α’χει-

211 2214 396 2303 ροποιήτους
417 2221 567 2301 imagines
587 2218 771 2293 celebretur,
800 2238 863 2280 non
884 2220 993 2280 darunt
1012 2231 1114 2279 tamen
1133 2220 1185 2301 qui
1207 2232 1317 2300 putent

211 2305 399 2367 Edessenam
416 2303 625 2365 tantummodo
645 2324 682 2364 eo
699 2304 824 2365 nomine
840 2316 920 2365 recte
936 2307 1089 2385 insigniri,
1113 2306 1250 2386 reliques
1260 2327 1315 2365 an-

210 2403 290 2469 tem,
312 2412 352 2450 ne
372 2391 597 2452 camulianensi
613 2388 739 2473 quidem
755 2402 896 2471 excepta,
919 2384 961 2451 ex
975 2411 1012 2451 ea
1025 2410 1130 2451 omnes
1144 2391 1243 2451 fuisse
1258 2412 1314 2451 ex-

209 2498 328 2559 pressas
340 2488 371 2536 et
386 2480 561 2558 exscriptas.
605 2497 712 2536 verum
728 2498 798 2535 cum
814 2474 968 2537 Edessena
982 2480 1083 2557 imago
1098 2496 1160 2535 non
1174 2488 1246 2536 ante
1258 2498 1315 2536 en-

208 2584 284 2623 num
304 2561 416 2623 Christi
437 2562 500 2629 914
523 2562 667 2622 translata
688 2564 780 2621 fuerit
802 2564 937 2643 cpolim,
959 2574 1043 2643 patet
1059 2562 1233 2623 lleraclimn
1248 2583 1312 2623 non

208 2642 1053 2813 siit“⁹irrisistis‘titillat'
1063 2652 1313 2794 stiffi

208 2819 414 2878 manufactam
426 2838 468 2876 ex
478 2819 580 2876 Africa
593 2838 696 2877 secum
709 2817 873 2879 adduxisse
887 2822 1059 2879 Heraclium
1072 2780 1193 2879 nardat'l
1238 2840 1313 2879 num

207 2902 285 2965 baec
304 2923 423 2987 quoque
444 2905 504 2963 fuit
527 2904 782 2980 Camulianensis,
804 2916 838 2965 ut
860 2906 998 2965 Gretsero
1019 2902 1141 2988 placati
1184 2906 1310 2965 minime

207 3011 297 3067 vero,
320 2988 374 3050 sed
391 2986 499 3049 eadem
513 2990 585 3065 illa,
607 3000 642 3049 ut
654 3010 752 3069 nuper
767 2988 911 3068 diximus,
933 3011 975 3051 ex
987 2990 1142 3052 Edessena
1156 3010 1312 3071 expressa.

207 3076 305 3137 fateor
324 3088 426 3135 tamen
445 3095 507 3135 non
524 3076 653 3137 multam
674 3074 767 3134 iidem
786 3074 991 3137 adhibendam
1003 3098 1068 3138 esse
1081 3075 1236 3153 cedreno,
1261 3080 1311 3160 qni

208 3162 355 3222 nonsatis
369 3160 539 3241 diligenter,
562 3164 639 3219 utin
653 3173 804 3241 comperto
821 3174 876 3238 est,
898 3160 1119 3244 Theophanem
1133 3167 1309 3244 exscripsit,

210 3265 271 3327 quo
298 3245 423 3327 quidem
441 3249 515 3305 vitio
538 3248 655 3304 laborat
684 3250 777 3305 etiam
803 3250 946 3308 Zonaras.
1001 3246 1209 3329 Theophanes
1229 3252 1310 3308 enim

202 3352 240 3411 p.
256 3329 320 3393 250
344 3330 394 3388 dei
416 3335 537 3406 matris,
559 3350 622 3389 non
645 3333 730 3389 verbi
754 3331 850 3392 divini
870 3336 1036 3414 imaginem
1052 3333 1196 3395 habuisse
1212 3339 1310 3395 Hera-

208 3416 304 3475 clium
318 3416 425 3489 refert,
446 3426 598 3474 tunicum
614 3419 747 3495 primum
762 3438 803 3478 ex
819 3420 921 3479 Africa
936 3422 1171 3500 cpolimseuit,
1195 3432 1231 3479 ut
1244 3442 1309 3480 me·

207 3499 268 3562 lius
283 3502 494 3581 explanabitur
509 3500 550 3560 ad
563 3502 781 3568 Heracliad.2
804 3506 855 3571 14·
898 3505 954 3566 sed
973 3505 1099 3565 dubium
1111 3509 1237 3565 omnino
1250 3508 1307 3565 tol-

206 3586 244 3649 lit
256 3590 322 3669 ipse
336 3587 455 3664 Pisida,
482 3590 537 3697 spui
547 3590 579 3647 in
590 3589 729 3668 proxima
742 3592 866 3650 Acroasi
879 3610 909 3649 v.
922 3594 963 3655 87
976 3595 1049 3651 satis
1062 3603 1164 3671 aperte
1178 3590 1309 3651 declarat

206 3693 269 3734 non
291 3668 394 3737 ciniso
407 3673 461 3734 sed
475 3667 677 3755 απεικόνισμα
689 3678 747 3738 sori
759 3671 938 3757 θεογρᾶφου
951 3671 1049 3740 seimon
1065 3678 1159 3737 inimo
1176 3678 1307 3757 effigiem

204 3780 265 3842 qua
278 3780 351 3819 usus
368 3771 414 3820 est
426 3763 593 3820 Heraclius.
636 3772 735 3820 cauum
754 3764 847 3841 igitur
866 3762 1047 3846 firmumque
1064 3767 1121 3838 sit,
1142 3766 1308 3842 imaginem

202 3866 221 3905 a
235 3846 376 3925 religioso
389 3848 570 3925 imperatore
583 3848 616 3904 in
622 3846 781 3906 Persidem
796 3848 920 3907 allatam
932 3848 1028 3909 iusisse
1040 3846 1306 3913 dswccalidesse-

202 3948 277 3991 naas
300 3932 563 3991 camulianenaem
576 3942 679 3991 aretem
691 3932 731 3991 ad
743 3932 928 4012 praesidium
941 3936 1025 3995 urbis
1041 3934 1079 3994 ab
1094 3952 1132 3994 eo
1145 3935 1241 3995 inim
1259 3954 1304 3993 re·

202 4018 323 4092 lictum,
344 4014 426 4098 quod
445 4035 486 4075 ex
498 4016 659 4076 Aeaeum
672 4020 782 4077 clarius
795 4020 960 4098 apparebit.

287 4100 361 4166 144.
403 4098 618 4179 Theophanis,
639 4106 693 4184 qui
714 4102 850 4163 Pisidarn
869 4124 933 4165 non
954 4106 1041 4187 sequi
1062 4104 1119 4164 sed
1137 4105 1301 4165 enoribere

202 4182 339 4261 ridetur,
359 4187 451 4247 verbe
465 4189 528 4247 suis
540 4206 678 4269 quaeque
688 4189 763 4250 locis
776 4190 988 4270 respondentia
1005 4192 1167 4251 subtexere
1180 4192 1302 4265 iurabit,
