2792 4709
355 248 610 361 DESCRIPTIO¹
633 250 667 317 S.
692 250 882 321 SOPHIAE.
1114 256 1164 329 97

63 437 130 498 ροις
144 412 293 489 οἶκίοκοις
306 414 502 497 διειλημμένφ
514 411 677 496 ἀρκεῖσθαι
692 414 817 481 ἕκαστον
832 416 969 482 οἰκίσκον
984 419 1165 504 πεπηγμένφ

62 502 153 582 τιμίῳ
181 503 300 583 σταυρῷ
326 511 383 559 etc.
435 501 533 559 forma
559 502 696 559 aularum
725 522 779 561 seu
808 505 967 581 cellarum,
999 525 1072 586 quas
1096 504 1164 566 dixi

63 586 186 666 (serbis
207 596 278 645 ntor
296 582 411 665 Gyttfi)
433 588 552 663 cingere
571 597 731 669 utrumque
749 590 843 663 latus,
864 590 933 647 talis
952 600 1006 649 est.
1050 610 1090 649 ex
1107 595 1164 649 tri·-

62 672 120 729 bus
136 670 282 729 lateribus
299 672 386 729 aulae
402 669 565 750 quadratae
578 681 664 745 sunt3
689 693 730 731 ex
743 684 848 753 quarto
864 675 956 734 latere
971 670 1053 755 quod
1064 678 1165 735 intue-

62 766 112 813 tur
128 758 303 814 interiorem
320 754 403 814 aedis
419 765 554 834 partem,
575 756 703 835 figuram
715 760 822 838 templi
836 761 988 839 sequitur,
1011 760 1091 841 quod
1109 763 1166 821 ob-

61 839 226 901 rottmdam
245 840 337 899 efficit
359 841 490 919 pilarum
510 851 541 900 et
561 842 768 903 columnarum
789 843 954 925 dispositio.
1003 850 1166 907 sustinetur

62 926 194 984 arcubus
216 936 245 984 et
268 928 415 985 columnis
436 930 653 987 connumeratio
674 930 826 1003 aularum,
850 948 978 1010 quarum
997 929 1166 991 describam

1215 327 1234 354 Ἱ

62 1010 215 1069 duntaxat
232 1021 308 1087 tres,
329 1012 439 1092 quibus
461 1014 588 1091 cognitis
610 1023 725 1073 ceterae
748 1034 852 1074 omnes
871 1016 964 1075 simili
982 1016 1079 1075 forma
1099 1037 1165 1077 esse
1215 1032 1216 1035 ’

61 1106 292 1175 cognoscentur.
333 1099 479 1175 incipiam
492 1117 509 1155 a
522 1098 617 1156 tribus
632 1100 836 1177 superioribus
851 1102 915 1159 sitis
930 1103 962 1159 in
978 1102 1070 1161 latere
1084 1112 1165 1161 tem·-

59 1184 106 1261 pli
125 1184 369 1260 septentrionali,
391 1201 518 1261 quarum
540 1186 640 1262 prima
660 1187 751 1243 estin
769 1186 878 1263 angulo
896 1188 1025 1245 intuenti
1042 1198 1166 1265 septen-

59 1271 194 1325 trionem
215 1277 245 1324 et
267 1270 422 1325 orientem.
465 1271 530 1327 eins
548 1267 608 1327 duo
626 1269 720 1327 latera
738 1274 887 1330 exteriora
904 1281 1030 1349 surgunt
1046 1291 1063 1329 a
1078 1269 1165 1331 muro

61 1364 94 1411 et
108 1350 251 1411 desinunt
263 1354 295 1409 in
310 1370 423 1411 arcum.
465 1354 499 1411 iu
511 1354 639 1412 laterum
650 1352 752 1415 medlo
763 1356 919 1415 columnae
931 1366 991 1415 tres
1004 1366 1074 1415 suut
1088 1346 1165 1437 qua*-

61 1436 168 1495 dratae
200 1438 266 1495 loco
292 1440 432 1517 parietis,
461 1457 571 1517 nempe
595 1439 793 1499 fenestrarum
814 1438 1004 1520 parastados,
1037 1461 1166 1520 quarum

61 1543 173 1601 scapus
204 1520 297 1581 habet
325 1525 521 1602 perimetrum
551 1526 685 1604 quinque
705 1524 817 1603 pedum
839 1536 869 1583 et
889 1529 979 1585 unius
1002 1524 1166 1587 dodrantis.

60 1628 155 1687 supra
169 1607 291 1665 easdem
304 1611 437 1666 eminent
449 1610 526 1666 aliae
539 1620 599 1667 tres
612 1608 791 1689 quadratae:
813 1608 870 1669 hae
882 1630 987 1669 omnes
997 1622 1068 1669 aunt
1081 1632 1165 1671 ruat-r

58 1698 157 1752 moris
183 1694 256 1751 alibi
279 1696 312 1751 in
336 1695 466 1753 colorem
487 1694 629 1772 glaucum
651 1698 811 1774 vergentis.
855 1696 932 1755 latus
955 1694 1166 1775 pertiueusad

58 1780 238 1837 interiorem
264 1776 346 1838 aedis
370 1788 487 1857 partem
508 1777 599 1839 babet
619 1799 676 1839 sex
695 1782 849 1840 columnas
867 1779 995 1855 virides,
1017 1783 1166 1842 subiectas

61 1867 148 1923 arcui
179 1867 337 1923 sustinenti
366 1878 503 1945 quartam
529 1876 646 1945 partem
674 1864 819 1944 sphaerae
840 1866 1008 1940 orientalis,
1038 1886 1167 1945 quarum

60 1954 146 2007 imus
175 1968 283 2027 scapus
308 1951 455 2007 ambitum
476 1946 569 2009 habet
587 1962 703 2029 septem
722 1950 835 2029 pedum
856 1962 885 2011 et
906 1961 972 2011 octo
993 1950 1166 2027 digitorum.

59 2054 169 2093 earum
179 2034 424 2107 intercolumnia,
446 2032 568 2115 diastyli
584 2034 776 2113 dispositione
793 2035 947 2111 distincta,
970 2035 1031 2093 lata
1049 2047 1167 2115 septem
1229 2089 1231 2093 .

59 2119 159 2200 pedes
183 2131 212 2177 et
232 2118 374 2178 undecim
394 2118 521 2197 digitos,
554 2122 664 2199 pluteis
686 2124 862 2181 muniuntur
881 2123 1073 2197 marmoreis,
1097 2122 1165 2181 altis

59 2215 208 2286 quattuor
236 2203 347 2283 pedes,
383 2206 491 2285 quibus
518 2206 726 2266 incumbentes
754 2206 857 2267 vident
884 2210 1057 2267 interiorem
1083 2205 1166 2266 aedis

57 2302 200 2381 partem,
220 2300 284 2349 tam
301 2291 452 2351 infernam
491 2312 562 2349 uam
576 2312 747 2371 supernam.
791 2293 869 2351 latus
885 2295 1074 2351 interiectum
1088 2294 1168 2351 inter

58 2380 195 2456 primam
215 2377 316 2434 aulam
340 2386 370 2434 et
392 2396 442 2434 sec
487 2376 557 2433 dam
580 2397 597 2435 a
618 2380 731 2455 parieta
752 2380 893 2437 exteriori
909 2386 1050 2454 tergente
1063 2374 1167 2435 adse-

58 2464 283 2541 ptentrionem,
312 2460 469 2541 usquead
493 2464 587 2541 pilam
608 2481 752 2539 magnam
773 2465 969 2519 sustinentem
989 2480 1091 2518 arcum
1109 2458 1168 2519 he⁴

59 2544 257 2625 mispbaerii,
289 2548 407 2625 largum
441 2557 486 2606 est
516 2538 714 2626 quadraginta
737 2554 877 2625 quattuor
898 2543 1007 2623 pedes,
1038 2564 1168 2625 quorum

58 2644 185 2711 partem
209 2630 362 2710 possident
383 2633 478 2710 pilae,
500 2642 618 2710 partem
640 2650 726 2689 arcus
746 2650 871 2708 surgens
885 2650 903 2691 a
918 2642 1001 2709 tergo
1017 2632 1097 2709 pilae
1114 2650 1168 2689 etr-2

58 2720 181 2777 stinens
195 2714 464 2796 hemisphaerium
487 2736 547 2797 quo
560 2726 622 2775 toto
634 2727 765 2795 patente,
787 2717 848 2775 lato
862 2718 949 2774 iuxta
963 2719 1169 2795 pavimentum

58 2806 173 2881 viginti
187 2802 298 2880 pedes,
318 2806 460 2861 transitur
476 2820 495 2859 a
511 2804 608 2881 prima
624 2802 693 2859 aula
711 2800 750 2861 ad
763 2800 926 2860 secundam
941 2804 1053 2861 aulam.
1096 2802 1170 2860 reli-

59 2908 159 2968 quam
171 2888 275 2945 lateris
289 2890 367 2945 inter
378 2890 507 2966 primam
522 2898 552 2945 et
565 2885 729 2946 secundam
740 2889 842 2945 aulam
854 2886 1025 2946 intermedii
1040 2897 1167 2965 partem,

58 2975 159 3031 lotam
176 2976 286 3051 viginti
299 2983 439 3052 quattuor
452 2970 560 3051 pedes,
583 2982 729 3052 occupant
740 2974 819 3051 pilae
834 2991 918 3031 arcus
934 2974 964 3030 et
981 2992 1084 3031 murus
1099 2991 1169 3030 sur-

60 3078 140 3136 gens
155 3060 240 3115 velnt
255 3058 303 3115 ala
316 3075 412 3137 usque
429 3058 467 3116 ad
484 3062 771 3115 concamerationem
790 3054 1014 3135 hemisphaerii.
1058 3076 1168 3115 secuu-

60 3143 122 3200 dae
135 3143 225 3200 aulae
239 3146 455 3201 connumeratio
471 3154 606 3201 extrema
625 3146 788 3201 sustinetur
800 3143 926 3199 arcubus
939 3152 969 3199 et
984 3141 1168 3219 parietibus:

59 3226 168 3287 media
190 3247 261 3285 vero
280 3229 386 3285 nititur
406 3238 546 3308 quattuor
563 3228 710 3286 columnis
732 3224 860 3284 albis'ad
877 3228 1018 3304 glaucum
1036 3226 1169 3283 colorem

61 3312 295 3386 accedentibus,
318 3332 446 3393 quarum
465 3332 573 3391 scapus
587 3314 620 3369 in
635 3312 750 3369 ambitu
767 3312 973 3390 complectitur
983 3322 1099 3389 septem
1111 3332 1168 3389 pe-

60 3397 129 3457 des.
174 3396 308 3456 secunda
330 3402 393 3456 sive
411 3396 514 3455 media
537 3397 606 3455 aula
627 3395 772 3476 quadrata
797 3406 858 3470 est,
889 3398 973 3455 cuius
996 3395 1055 3455 duc
1074 3397 1171 3455 latera

61 3486 256 3543 stutinentur
270 3485 380 3561 partim
392 3484 487 3541 muris
503 3485 613 3561 partim
628 3483 771 3555 arcubus,
793 3501 921 3561 quornm
935 3482 1063 3539 alterurn
1076 3500 1170 3541 cornu

57 3572 237 3627 nascitura
258 3578 342 3645 tergo
366 3566 493 3625 duarum
518 3586 696 3645 magnarum
720 3568 849 3645 pilarum
871 3568 1081 3625 sustinentium
1101 3586 1169 3624 ma-

58 3672 160 3732 gnam
184 3650 455 3731 hemisphaerium,
477 3654 605 3710 alterum
624 3655 787 3710 sustinetur
802 3652 871 3729 pilis
887 3652 1050 3711 orientibus
1065 3672 1105 3710 ex
1119 3654 1170 3708 iu-

57 3741 168 3798 teriori
182 3748 268 3817 parte
285 3757 439 3797 murorum
455 3739 583 3795 alarium
599 3738 788 3795 iniciantium
804 3737 882 3815 pilas
897 3739 1036 3795 maiores.
1080 3734 1169 3795 huius

56 3822 218 3885 secundae
233 3826 296 3881 sive
310 3822 428 3882 mediae
439 3824 526 3881 aulae
542 3824 620 3881 latus
634 3824 766 3881 exterius
780 3822 846 3881 loco
861 3825 983 3899 parietis
999 3820 1089 3879 habet
1103 3830 1169 3880 octo

56 3909 223 3969 columnas
245 3907 421 3987 quadratas,
443 3908 569 3988 quarum
590 3910 752 3987 perimetur
769 3917 813 3965 est
829 3926 884 3965 sert
897 3906 1019 3985 pedum.
1062 3910 1093 3962 iu
1118 3923 1170 3962 ee-

57 4014 136 4054 mm
157 3991 262 4051 medio
284 4003 329 4052 est
350 4013 461 4072 magna
480 3994 560 4072 pila:
583 3993 831 4051 intercolumnas
849 4009 898 4049 eas
916 3985 1107 4071 parasta'dutn
1120 3992 1207 4054 ri-1)
1226 4000 1278 4059 553

57 4098 135 4140 cern
158 4088 347 4157 praestantes
371 4088 440 4137 sunt
460 4080 620 4137 fenestrae.
664 4086 818 4155 praeterea
840 4095 928 4155 supra
951 4074 1071 4134 easdem
1088 4075 1173 4132 eolu-

56 4183 157 4226 mnas
179 4166 315 4222 existunt
337 4165 417 4243 pilae
437 4162 632 4242 parastadum
653 4166 751 4221 vicem
774 4162 950 4242 praebentes
969 4161 1173 4238 superioribus

57 4252 226 4321 senectus,
247 4260 403 4329 questam
413 4251 581 4330 superiores
595 4265 687 4333 quam
699 4246 872 4324 inferiores,
894 4264 1019 4391 nmpero
1030 4242 1172 4323 sedecim,

109 4340 193 4397 rant
212 4340 302 4394 utet
