2792 4709
404 203 601 273 rmstcttt
625 202 832 275 acaotsttt
856 206 883 275 l.
1145 204 1196 281 09

73 382 127 431 nt
139 370 236 432 nostri
248 378 355 453 poetae
370 374 530 434 auotoritas
541 372 595 434 flat
608 373 722 434 firmior
735 383 766 433 at
779 392 884 435 senatu
896 372 995 453 magis
1008 374 1194 455 perspicuus.

73 453 199 563 lepris
211 454 246 520 δὲ
261 455 431 539 ὁβααιλνδς
444 458 479 525 tv
493 458 596 541 χερσὶν
607 456 666 539 τὴν
680 456 870 541 θεανδρναήν
882 453 1026 543 μορφήν,
1046 455 1088 540 ἣν
1099 466 1195 564 χεῖρας
1219 484 1222 487 ·

80 566 155 607 ουκ
179 542 333 625 ἔγραψαν,
355 538 425 607 ἄλλ’
446 544 480 610 ἰν
502 540 600 609 εἰκόνι
622 542 644 611 6
662 538 764 609 κᾶντα
787 550 916 627 μορφαῖν
934 542 987 608 sol
1004 546 1194 609 διαπλαπαν

79 624 186 711 λόγος
204 624 281 691 ἄνευ
299 634 422 713 γραφῆς
440 626 618 713 μόρφωσιν,
641 628 684 705 sic
705 628 779 693 ἄνευ
799 635 917 711 σπορᾶς
928 626 1043 711 scincus
1057 626 1193 713 ἤνεγκεν.

81 718 135 772 ita
159 711 365 794 Theophanes
377 737 415 796 p.
437 715 513 781 254.
554 716 668 777 videsis
688 717 839 775 Hecae'rn.
865 717 965 791 1160,
996 716 1049 775 ubi
1068 718 1194 797 virginis

84 800 300 859 sanctissimae
319 812 440 881 partam
453 821 496 883 ex
506 802 644 861 fabuloso
657 804 812 863 vultnmm
825 812 913 881 partu
929 804 996 861 sine
1010 804 1125 863 semine
1139 822 1194 863 va-

85 886 298 945 risimiliorem
312 887 402 947 nobis
414 886 514 947 faeere
530 886 682 949 contendit
694 886 809 949 Pisida.

181 970 253 1035 148.
294 973 328 1030 in
344 971 412 1031 cod.
427 970 522 1052 μένοι.

182 1054 254 1119 149.
296 1054 518 1137 phantasiastae
545 1055 690 1118 haeretici
719 1078 760 1119 ex
786 1054 1043 1141 Eutychianorum
1065 1059 1193 1136 familia,

89 1138 168 1201 dicti
189 1144 282 1203 etiam
300 1145 475 1204 Inlianistse
493 1145 531 1203 ab
550 1145 668 1204 luliano
688 1147 960 1221 Halicarnassensi,
981 1148 1035 1227 qni
1048 1145 1126 1205 falsa
1140 1166 1194 1205 eo-

88 1248 166 1285 rum
184 1224 327 1307 dogmata
347 1232 547 1308 excogitavit,
575 1241 606 1290 et
626 1232 782 1294 Gaianitae
803 1250 821 1291 a
841 1232 957 1291 Gaiano
976 1228 1196 1306 Alexandrino,

89 1316 150 1393 qui
168 1314 322 1375 lulianum
340 1326 460 1376 secutus
480 1326 543 1391 est,
573 1313 686 1375 Christi
704 1336 811 1396 corpus
832 1336 851 1375 a
868 1326 1023 1377 momento
1043 1317 1195 1395 impolluti

89 1408 254 1478 conceptos
274 1418 338 1459 non
358 1402 458 1460 solum
476 1401 703 1480 incorruptibile
720 1422 785 1462 esse
798 1423 904 1463 verum
919 1404 1011 1461 etiam
1030 1404 1196 1461 increatum

89 1482 308 1561 adfirmabant,
329 1496 364 1545 ut
384 1488 427 1545 ait
447 1484 629 1547 Timotheus
643 1487 683 1545 de
697 1489 793 1549 Sectis
810 1487 893 1570 apud
909 1486 1091 1548 (lotslerium
1102 1488 1159 1546 Mo
1183 1530 1191 1544 .

87 1569 181 1629 Eccl-
205 1569 315 1631 Graec.
332 1582 403 1631 tom.
419 1576 440 1636 3
451 1594 489 1651 p·
506 1571 582 1637 110.
1155 1601 1158 1610 ·

147 1684 151 1691 ’
181 1670 252 1736 160.
294 1670 501 1753 Theophanes
528 1672 643 1734 ibidem
674 1675 742 1740 sal'
756 1669 855 1763 τούτῳ
880 1672 1041 1753 πεαοιθαίρ
1059 1681 1103 1762 cpi
1119 1682 1194 1741 deo·

88 1749 202 1842 ppdpp
211 1751 297 1844 stirap
309 1753 469 1843 ’ἐπήρξατο
481 1763 544 1823 τῶν
555 1754 694 1843 tydeus.

178 1858 251 1925 155.
293 1858 377 1919 idem
397 1860 511 1920 ibidem
531 1862 707 1922 Heraclium
727 1863 814 1942 (lpoli
828 1864 997 1944 profectum
1011 1866 1043 1924 in
1057 1866 1194 1933 Ciliciam

90 1948 264 2024 pervenisse
286 1946 394 2023 tradit,
413 1945 468 2007 sed
486 1946 605 2007 nnllam
625 1945 665 2007 de
684 1959 879 2031 tempestate,
902 1970 995 2033 quam
1012 1948 1115 2011 Pisida
1137 1947 1193 2009 de-

88 2030 210 2108 scribit,
231 2034 419 2093 mentionem
432 2034 516 2094 facit.
1028 2050 1032 2057 ·

180 2134 252 2201 167.
296 2135 335 2199 de
355 2140 473 2199 Heraeo
496 2140 715 2219 promontorio,
743 2133 828 2221 quod
849 2134 889 2197 ad
911 2136 1071 2199 meridiem
1090 2149 1194 2207 oontra

89 2217 317 2283 chaleedo'nem
330 2235 404 2301 erat,
424 2225 513 2304 plura
525 2227 559 2285 in
571 2228 660 2286 Petro
677 2225 778 2305 Gyllio
792 2224 830 2283 de
841 2224 959 2303 Bosph.
982 2224 1092 2283 lerac.
1108 2224 1193 2289 libo

90 2313 161 2372 αὶ
184 2310 268 2367 etin
285 2311 461 2389 lla-(langii
486 2310 541 2389 Cp.
570 2310 680 2369 Christ.
705 2308 759 2367 lib.
779 2308 799 2373 4
811 2331 848 2387 p·
863 2312 941 2383 176.
985 2308 1067 2390 quod
1084 2309 1124 2369 ad
1140 2328 1195 2368 nos

91 2395 214 2469 attinet,
241 2414 283 2455 ex
300 2393 405 2461 Pisida
427 2395 651 2455 observabimns
673 2397 807 2475 pslmum
823 2392 895 2453 huic
912 2396 1117 2473 promontorio
1136 2414 1197 2453 no-

89 2499 164 2539 men
177 2500 283 2540 revera
297 2482 390 2541 fuisse
403 2478 543 2563 Ἡραίαν,
564 2500 628 2539 non
638 2478 779 2562 Ἡραῖον,
800 2488 835 2538 ut
848 2498 866 2537 a
880 2478 1061 2560 quibusdem
1074 2480 1196 2541 Graecia

89 2568 243 2625 invenitur
263 2567 466 2647 appellatum,
493 2565 626 2627 secundo
647 2566 691 2625 ita
707 2565 802 2625 fuisse
823 2560 938 2623 dictum
958 2585 993 2624 eo
1016 2562 1099 2645 quod
1122 2564 1197 2625 olim

78 2644 180 2735 Ἥρας
207 2651 334 2715 Iunonia
363 2650 439 2712 aede
466 2663 544 2713 esset
568 2653 706 2733 insigne,
738 2648 772 2709 id
792 2647 875 2732 qnod
898 2652 991 2709 etiam
1011 2648 1142 2711 eodinus
1163 2651 1196 2709 in

89 2736 204 2819 Antiq.
218 2738 304 2817 spol.
316 2736 489 2814 admonuit3
507 2736 635 2819 denique
650 2736 826 2796 Heraclium
843 2737 952 2795 Heraei
964 2736 1125 2817 profanum
1137 2756 1197 2795 no-

90 2843 165 2881 men
184 2825 218 2881 in
240 2815 323 2883 aliud
344 2822 513 2884 Christiana
533 2825 645 2904 pietate
666 2824 785 2883 illustre
807 2832 1023 2899 commutasse,
1056 2825 1196 2904 quamvis

89 2928 171 2989 qnae
193 2909 285 2969 fuerit
304 2930 383 2969 nora
400 2910 462 2969 loci
483 2908 687 2969 denominatio
711 2926 752 2967 ex
771 2908 905 2967 Heraclii
925 2910 1108 2989 praescripto
1132 2927 1195 2967 non

91 3004 218 3057 constet.
260 2992 302 3053 ad
314 3014 421 3082 rocem
431 2994 556 3079 Ἡραίας
570 2983 678 3076 supple
690 2990 797 3075 ἄκρης.
859 3026 860 3029 ¹

178 3097 252 3161 161.
292 3093 492 3179 πλάνηνΙιίο,
511 3106 666 3175 utsupra,
687 3094 890 3155 idololatriam
901 3105 999 3154 vocat.
1043 3084 1195 3175 quomodo

90 3191 196 3241 antem
209 3183 321 3243 Hercei
334 3184 574 3264 promontorium
586 3182 687 3243 vocari
699 3183 838 3256 iusserit,
868 3199 1000 3262 quamve
1015 3180 1196 3258 religionem

88 3268 125 3326 in
139 3286 176 3329 so
190 3271 391 3345 constituerit,
412 3271 568 3330 neminem
585 3264 755 3347 prodidisse
771 3264 919 3343 mirabar,
941 3284 1011 3327 aaran
1024 3262 1130 3325 Pisida
1144 3262 1194 3323 di·

90 3362 141 3413 cat
163 3372 297 3433 poenm
319 3374 386 3416 esse
408 3356 523 3415 laturos
544 3356 599 3436 qui
619 3363 736 3413 tantam
757 3372 824 3413 rem
844 3353 964 3412 silentio
985 3351 1193 3431 praeterirent.

90 3448 183 3519 atque
193 3458 232 3513 ,eo
242 3441 375 3500 mirabar
385 3442 499 3521 magis,
521 3435 603 3521 quod
622 3442 685 3498 iam
697 3447 767 3497 ante
778 3438 954 3499 Heraclium
965 3436 1065 3497 fuerat
1081 3437 1193 3495 Heraai

88 3528 333 3604 promontorium
351 3545 370 3585 a
389 3528 511 3586 Graecis
533 3524 573 3583 ad
592 3522 794 3585 Christianam
815 3525 994 3603 religionem
1022 3521 1193 3583 deflexum:

88 3628 163 3668 nam
188 3613 280 3671 etiam
302 3614 442 3692 Procopii
468 3622 621 3692 tempore,
649 3621 684 3670 ut
710 3612 777 3691 ipse
798 3619 926 3669 testatur
944 3608 982 3667 de
998 3607 1108 3687 Aeof
1132 3610 1151 3671 1
1172 3610 1193 3673 8

87 3697 202 3803 leptim
225 3700 326 3757 vocari
350 3710 499 3781 coeperat.
550 3689 610 3767 αᾶν
633 3700 678 3783 cpi
695 3694 826 3782 Ἡραίῳ,
861 3688 909 3759 dcc
929 3690 1046 3778 Ἱερεῖρν
1067 3696 1194 3757 καλοῦσα

85 3803 126 3843 τα
141 3804 214 3845 ναν.

176 3886 251 3949 167.
290 3883 442 3948 iaratltio
455 3896 593 3967 repetere
605 3882 657 3946 rel
671 3882 899 3963 subintelligere
914 3900 1052 3957 tersum,
1074 3880 1126 3985 apri
1140 3898 1194 3939 aa·

89 3988 146 4053 pra
169 3980 215 4031 est
236 3968 343 4031 ordine
365 3972 447 4036 101:
480 3970 505 4053 ἡ
531 3976 593 4036 sais
620 3972 808 4034 calciatos
834 3964 1002 4051 τερανότης
1029 3960 1195 4049 donperre.

89 4060 180 4135 poeta
199 4054 354 4133 alludens,
375 4068 410 4117 ut
427 4077 519 4137 saepe
541 4058 633 4133 alibi,
653 4052 695 4114 sd
714 4072 818 4115 corsus
833 4054 1003 4129 Circenses,
1025 4054 1068 4111 ait
1082 4050 1141 4110 sibi
1152 4051 1194 4108 ti·

88 4138 236 4201 mendum
255 4162 296 4203 na
314 4142 390 4203 dum
404 4145 500 4203 nimio
513 4144 611 4223 spatio
626 4140 733 4222 procul
747 4148 859 4199 amota
871 4148 1014 4219 vagatur,
1036 4139 1105 4219 quis
1119 4154 1194 4217 pro-

87 4228 158 4305 pius
177 4225 322 4291 accedam
340 4230 442 4310 ipsum
460 4238 637 4291 antevertat.
681 4244 787 4289 sensio
810 4235 874 4285 est:
896 4227 1005 4285 usnam
1022 4225 1057 4285 irs
1075 4222 1194 4304 ἄρα·
