2792 4709
363 208 419 277 AD
444 204 723 277 montuosum
745 204 901 277 NOTAE.
1110 206 1186 279 123

71 374 130 435 nis
145 382 212 435 tam
224 368 344 435 turbida
359 368 558 454 descriptione
571 368 681 453 liquidi
692 379 845 453 uteunque
857 368 975 453 aliquid
989 372 1186 453 exprimatur,
1208 423 1212 427 Α

72 478 229 539 inagnum
252 460 306 519 ilie
320 460 497 538 Bnlgariam
519 456 560 517 ed
573 454 732 517 Maeotidis
755 456 882 537 paludes
907 459 950 517 eis
970 459 1091 517 Tanain
1111 480 1186 519 oon-

73 549 199 621 stituit,
224 545 278 605 uhi
297 548 422 625 lazyges
445 555 476 605 et
495 544 645 603 Roxolani
667 544 780 623 aliique
803 540 935 623 Scythae
957 542 1111 623 quondam
1134 546 1187 605 rel

72 632 260 706 Sarmatae,
281 649 362 689 nuno
375 626 579 690 Moschovitae
596 630 646 689 vel
661 630 793 687 minum
810 629 930 687 Tartari
945 632 1122 710 nuncupati.

170 736 203 796 p
194 720 259 781 .38
274 736 305 776 ι.
321 716 371 779 15.
392 711 544 790 Βαιιανός
558 710 646 793 υἱός]
669 715 751 773 varie
769 710 862 772 huius
880 732 994 773 nomen
1010 719 1187 796 oonuipitur,

74 810 115 859 ut
134 812 166 860 et
177 802 286 881 patris,
314 802 367 882 qni
383 800 527 865 (imbutus
542 818 560 859 a
574 796 764 880 Theophane
779 796 906 874 dieitur,
933 799 1016 860 filius
1028 820 1100 861 uero
1111 804 1189 861 Bat-

75 886 269 1031 gughhvevl
273 888 502 1036 {dddddv'
453 964 613 1049 Δᾶνιιιιριν
633 966 686 1031 uui
708 962 901 1049 Adsuetum]
929 966 1083 1031 Cedrenm
1102 970 1136 1029 in
1156 991 1188 1029 a.

77 1056 271 1137 Gopronymi
283 1060 323 1121 23
339 1055 446 1117 fluvios
460 1056 531 1115 illos
544 1056 730 1114 coniunctim
740 1056 887 1130 nominat,
900 1054 1084 1131 Danubium,
1099 1049 1190 1117 Kosi-

80 1164 171 1222 φην,
191 1143 353 1201 Danastrin
373 1150 403 1201 et
424 1142 590 1221 Danaprin.
634 1136 768 1220 Κουφην
787 1141 950 1199 verisimile
963 1138 1189 1220 estCophinem

78 1246 172 1303 esse,
195 1225 233 1287 da
249 1246 309 1309 qno
324 1226 415 1307 paulo
431 1236 530 1285 antea.
571 1224 735 1285 iornandes
757 1221 795 1284 de
815 1227 904 1285 rebus
922 1227 1035 1286 Getieis
1048 1226 1189 1325 Scythis,

78 1312 201 1393 inquit,
228 1312 398 1371 Garumnae
413 1322 509 1371 terras
521 1310 648 1386 confinis
662 1332 695 1370 eo
709 1320 795 1369 unua
807 1309 862 1369 ubi
875 1311 953 1370 Ister
965 1313 1061 1370 onia.-
1072 1313 1189 1383 amnis,

78 1398 137 1457 vel
147 1408 291 1478 stagneum
303 1396 451 1457 dilataw
463 1398 656 1476 Asysium,
682 1396 805 1455 undem
819 1417 914 1476 usque
926 1396 1111 1474 adfluusina
1127 1398 1189 1476 Ty-

82 1502 155 1541 ram
173 1484 365 1543 Danaeia-um
389 1493 418 1542 et
441 1482 624 1564 Vagoaolum
651 1502 857 1561 magnumque
877 1481 967 1539 illum
987 1484 1184 1561 Danupmm.

80 1568 178 1648 paulo
189 1578 273 1648 post:
301 1579 387 1628 antea
403 1588 486 1641 vero,
508 1568 562 1648 qui
580 1578 651 1627 aunt
666 1587 767 1626 eorum
775 1567 942 1646 finissims'
955 1570 1010 1647 qui
1021 1568 1067 1627 ad
1077 1570 1189 1627 Ponti·

81 1674 157 1711 casm
177 1674 260 1712 murs
277 1664 455 1726 emantur,
476 1674 498 1712 a
509 1655 665 1713 Duuastro
686 1652 885 1711 extmdasuw
905 1674 1000 1732 usque
1018 1653 1063 1712 ad
1073 1654 1189 1713 Dana-

79 1740 434 1885 'mm
447 1736 967 1905 moduinum..
978 1738 1191 1899 55⁸1:th

83 1906 180 1968 hodie
192 1910 329 1989 Drss‘sper
349 1910 535 1989 appellatur,
565 1928 696 1989 quorum
710 1909 788 1968 falso
803 1926 822 1966 a
837 1907 1018 1989 quibusdam
1030 1912 1190 1989 Danaprus

85 1994 297 2071 confunditur,
327 1996 407 2054 inter
424 2012 516 2077 quem
532 2004 563 2053 et
573 1998 684 2053 Istrum
696 1996 862 2054 Danastrus
878 2004 939 2071 est,
962 2006 996 2053 ut
1011 1997 1190 2053 Ammianus

85 2078 188 2159 prodit
201 2082 224 2140 l.
237 2083 297 2155 δίς
319 2078 352 2139 id
366 2079 450 2161 quod
464 2089 533 2139 ante
546 2098 601 2139 nos
613 2080 745 2140 Drtelius
759 2079 940 2140 observavit.
981 2078 1036 2138 sed
1048 2084 1191 2162 quisnam

85 2167 252 2225 Danastrns
273 2166 326 2225 iile
347 2168 388 2225 sit
406 2164 543 2225 nondum
555 2166 662 2245 liquet.
704 2167 830 2225 forsitan
850 2164 933 2225 idem
951 2175 997 2225 est
1018 2186 1089 2225 oum
1105 2168 1191 2247 Tyra

86 2250 191 2328 fluvio,
214 2248 329 2331 Cuphis
341 2270 412 2311 reno
427 2270 496 2310 oum
507 2252 633 2325 Axiaoe,
655 2250 706 2309 vol
718 2261 832 2309 eontra.

172 2357 203 2417 p.
220 2337 262 2403 39
276 2356 306 2395 ι.
321 2342 352 2400 7.
393 2340 447 2417 τῆς
459 2334 621 2417 Βερυλίας]
643 2332 724 2393 hano
737 2334 906 2394 Beneliam
921 2345 1009 2394 voest
1021 2330 1192 2415 Theopha-

86 2440 161 2498 nes,
181 2422 235 2481 alii
247 2423 420 2481 Ber-sitiam.
447 2417 501 2480 sed
514 2431 651 2501 corrupta
666 2431 737 2480 sunt
754 2440 832 2500 quae
849 2431 1025 2500 sequuntur.

172 2505 215 2566 ib.
233 2526 263 2565 v.
277 2512 331 2571 22
374 2505 423 2569 tot
445 2503 667 2587 Μισημβρίαν]
696 2507 732 2564 Ρ.
748 2508 898 2565 Diaconos
918 2506 1100 2565 inMisoeila
1117 2524 1192 2585 per-

87 2610 193 2673 peram
206 2592 360 2651 mudum
372 2592 470 2667 vertit,
492 2610 561 2651 oum
574 2594 612 2651 sit
624 2594 780 2671 proprium
793 2576 876 2649 urbis
890 2611 1013 2650 nomen.

173 2676 292 2758 p··40v
303 2684 334 2744 7.
355 2635 494 2760 Bupvu’s]
506 2679 604 2736 Barna
613 2674 921 2757 et0dyssusMoes1ae
929 2676 1080 2736 inferioris
1089 2677 1190 2735 sirbes.

173 2761 216 2822 ib·
237 2781 269 2821 v·
290 2767 341 2827 20.
383 2766 477 2825 ταῦτα
500 2758 643 2843 διαγνους
663 2760 914 2841 Κωνσιαντῖνος]
943 2774 1030 2822 sexta
1046 2760 1191 2841 Synodus

90 2857 192 2909 coacta
211 2847 267 2909 suh
283 2846 441 2929 Agathone
461 2845 563 2907 habita
583 2858 628 2908 est
646 2868 675 2906 a.
695 2853 734 2913 13
753 2849 873 2928 imperii
888 2848 1075 2909 Constantini
1086 2850 1191 2926 Pogo-

89 2936 169 3009 nati,
190 2944 225 2992 ut
242 2943 345 2994 auctor
364 2944 410 2994 est
424 2931 592 3010 cedrenus,
622 2932 809 3014 Nicephorus
827 2934 862 2992 in
883 2931 1048 3008 Chronico,
1073 2944 1103 2991 et
1125 2934 1191 2991 aiii.

91 3015 294 3099 Theophanes
314 3017 354 3078 ad
370 3039 399 3078 a.
417 3021 458 3083 12
474 3019 575 3077 refert.
619 3020 672 3099 qui
693 3022 817 3099 insuper
837 3040 868 3098 p.
883 3022 1020 3083 ὅθι-2
1035 3019 1143 3077 ultimo
1160 3037 1190 3075 a.

91 3106 238 3183 Pogouati
255 3104 374 3185 prolixe
394 3102 433 3162 de
453 3102 561 3184 synodi
579 3102 670 3164 huius
692 3116 828 3183 ternpore
849 3103 997 3182 disputat,
1029 3122 1106 3185 quae
1129 3102 1189 3163 hoo
1204 3110 1228 3163 P
1245 3111 1280 3164 78

91 3190 157 3248 iooo
181 3188 328 3249 discutere
346 3192 472 3249 minime
490 3210 612 3251 neeesse
635 3200 689 3249 est.
733 3200 767 3249 ut
789 3187 828 3247 ad
848 3194 868 3253 6
888 3187 1039 3267 synodum
1057 3187 1191 3265 redeam,

92 3272 173 3334 haud
188 3274 314 3335 dubium
327 3285 373 3335 ast
386 3276 460 3357 quin
473 3292 501 3333 a.
517 3276 551 3334 C.
567 3278 629 3341 680
644 3272 783 3335 iuuhoata
797 3276 846 3349 sit,
866 3274 934 3332 Ind.
948 3278 979 3351 9,
1000 3278 1078 3335 Nor.
1093 3279 1113 3337 7
1129 3274 1190 3349 die,

93 3360 233 3442 finitaque
250 3363 289 3420 sit
303 3380 381 3421 anno
398 3363 546 3441 sequenti.
591 3380 669 3443 quo,
698 3371 734 3420 ut
749 3361 841 3420 refert
857 3362 1051 3435 Anastasius,
1075 3362 1115 3424 17
1130 3364 1191 3419 Fe-

92 3446 203 3505 bruarii
222 3445 373 3505 dominica
393 3448 468 3521 fuit,
499 3448 583 3527 cyolo
600 3448 673 3507 solis
692 3449 750 3521 18,
781 3447 828 3506 lit.
853 3444 935 3506 dom.
953 3448 989 3506 12.
1031 3448 1065 3505 in
1082 3449 1194 3510 aotis6

94 3530 201 3612 synodi
213 3542 334 3591 notatur
346 3530 397 3591 hio
412 3550 509 3592 annus
521 3532 709 3592 Constantini
722 3536 781 3609 27,
804 3530 886 3614 qaod
902 3532 1034 3613 reliquos
1052 3551 1122 3590 oum
1137 3550 1196 3610 pa·-
1256 3566 1264 3577 ·

96 3628 139 3675 tre
154 3613 251 3675 adhue
272 3621 431 3697 superstite
446 3620 613 3698 imperarit.
655 3629 764 3701 quotus
780 3638 852 3676 vero
868 3616 919 3675 hio
938 3628 1007 3698 post
1024 3616 1196 3677 Constantis

95 3704 210 3761 obitum
228 3702 320 3761 fuerit
335 3714 414 3764 oerto
436 3702 554 3763 definiri
572 3714 692 3786 posset,
720 3706 750 3765 si
764 3701 802 3763 da
815 3722 920 3765 mense
935 3700 1035 3763 audie
1048 3712 1198 3765 oonstaret

96 3807 155 3870 quo
167 3788 355 3847 constans
326 3808 428 3849 savera
444 3788 543 3849 desiit.

175 3892 208 3953 p·
199 3872 261 3937 .41
280 3892 312 3931 v·
327 3873 379 3937 15.
400 3896 454 3937 roo
474 3868 633 3954 Ὀψιιιίοιι]
670 3870 709 3932 de
733 3874 894 3953 Dpsieiano
916 3868 1049 3931 themate
1073 3867 1195 3930 abundo

99 3955 227 4038 disputat
241 3958 452 4020 Constantinus
465 3958 724 4041 Porphyrogenita
735 3978 753 4017 a
766 3960 913 4020 Vulcanio
927 3956 1043 4033 editus;
1064 3957 1121 4017 sub
1132 3976 1195 4036 quo

99 4042 450 4126 comprehensiBithyni‚
471 4046 561 4125 Mysi,
583 4042 730 4123 Phryges,
750 4043 894 4118 Dardani,
914 4046 1022 4105 Troes.
1053 4036 1197 4145 'Optatos

99 4132 202 4189 Latina
215 4149 277 4190 vox
292 4140 337 4190 est
338 4150 454 4212 ,quare
468 4128 669 4210 Obsequtano'a
680 4150 898 4212 nonnunquam
913 4128 1084 4189 reddimus:
1099 4128 1197 4230 signi-

99 4216 163 4275 fieat
177 4218 259 4277 euim
273 4210 345 4292 τούς
358 4215 642 4303 summoueret
660 4215 835 4300 ἔμπροσθεν
853 4240 908 4280 sou
896 4212 1068 4299 ’βασιλέως
1079 4204 1184 4291 hei
1147 4234 1197 4277 aa·
