2792 4709
485 221 692 290 scuossnt
716 222 759 290 Π.
1099 221 1168 294 161

160 386 234 452 157.
276 387 377 445 forsan
402 405 456 466 pro
481 379 549 452 icoc
574 386 737 468 legendam
757 380 848 452 obse·
888 388 1030 448 orationis
1050 387 1113 448 vim
1135 389 1169 449 ia

54 474 214 530 Heraclio
234 469 273 530 ad
289 474 468 530 miraculum
485 493 581 555 usque
601 475 719 534 extollit
737 471 840 534 Pisida
862 471 901 532 da
916 475 1033 551 Exped-
1052 479 1074 537 2
1096 479 1169 538 170.

54 555 119 615 hic
144 569 248 616 autem
272 571 383 636 magno
406 558 484 616 saltn
501 561 665 618 amilitnm
683 558 817 635 delectu,
839 577 931 640 quem
946 560 1101 619 Heraclius
1116 559 1168 617 in-

55 646 169 702 stituit
192 645 224 702 in
246 645 342 722 prima
367 643 575 722 expeditione,
606 644 646 704 ad
671 664 707 703 ea
732 664 810 726 quae
835 643 919 703 idem
939 645 1101 724 imperator
1123 646 1166 703 cis

56 740 214 809 transque
228 725 412 807 Euphratem
426 733 519 808 gessit
529 733 563 788 in
577 729 707 790 secamda
721 731 828 788 leviter
837 729 1011 808 attingenda
1024 732 1165 789 acuarit.

56 811 105 870 de
120 816 251 872 transitu
265 809 442 892 Euphratis,
464 813 561 896 deque
576 817 614 876 iis
631 835 709 896 qaae
723 818 899 897 insequente
914 817 1074 875 Persarum
1089 812 1166 874 duce

55 899 202 958 Sarbaro
217 909 281 957 acta
296 910 382 975 sunt,
403 900 469 959 fuse
482 898 686 980 Theophanes
696 922 734 979 p.
750 903 824 964 262.

157 985 230 1048 160.
273 985 397 1044 obscura
417 987 506 1065 plane
523 997 592 1046 sunt
605 1007 682 1068 quae
697 989 731 1044 in
745 987 878 1067 quinqua
889 985 1082 1067 sequentibus
1093 1005 1163 1044 rer·

56 1069 153 1128 sibus
168 1069 366 1128 continentur.
404 1071 507 1130 forsan
521 1083 573 1131 eut
585 1069 731 1131 mendum
746 1081 798 1131 aut
808 1068 908 1132 hiatus
921 1073 1009 1130 cubat
1018 1073 1052 1129 in
1064 1081 1163 1129 textu.

56 1173 177 1212 vocem
196 1149 253 1234 τήν
273 1151 435 1236 δραστιενήν
450 1155 489 1214 ad
505 1161 665 1237 συμφορᾶς
684 1177 750 1216 esse
763 1155 952 1216 miscendam
962 1175 1024 1214 non
1041 1154 1162 1214 dnhitot

58 1243 131 1298 scio
148 1241 231 1298 enim
243 1259 332 1319 saepe
347 1235 507 1322 δραστικός
522 1263 591 1304 cum
606 1244 738 1322 genitivo
752 1245 909 1321 coniungi,
932 1251 963 1299 et
975 1237 1032 1321 seio
1043 1241 1164 1319 doucas-
1266 1262 1269 1277 ·

57 1322 127 1399 κήν
145 1329 305 1406 συμφορᾶς
322 1323 404 1385 idem
416 1347 482 1386 esse
497 1348 533 1386 ac
548 1323 605 1408 τήν
618 1323 780 1408 δραπικῆν
793 1322 926 1408 δύναμιν
936 1327 991 1404 τῆς
1002 1326 1163 1406 ουμφορᾶς

57 1411 116 1468 vel
141 1406 200 1488 seio
218 1406 380 1492 δραστικὴν
403 1407 574 1494 συμφοράν.
618 1411 671 1472 sed
688 1412 762 1494 quid
781 1422 884 1472 tamen
905 1411 1053 1490 significat
1071 1407 1115 1484 cic
1127 1409 1163 1473 ie

57 1494 207 1580 παρέργῳ
218 1501 376 1577 συμφορᾶς
387 1493 471 1561 τοῦδ’
482 1493 499 1561 ὅ
515 1497 606 1579 dioc?
627 1509 657 1557 et
669 1496 751 1579 quod
761 1496 821 1557 hoc
832 1501 871 1558 sit
883 1517 977 1576 genua
988 1505 1161 1576 syntaxeos,

58 1599 190 1658 prorsus
205 1600 256 1640 me
269 1583 352 1642 latet.
394 1585 466 1642 nori
480 1585 608 1644 Graecos
626 1586 715 1663 τῆςδε
732 1603 787 1665 pro
805 1586 861 1662 τῆς
876 1587 934 1665 γῆς
952 1592 983 1641 et
998 1581 1088 1644 rosida
1105 1599 1161 1659 pro

58 1669 123 1728 τοῦ
135 1661 253 1744 κόσμου
266 1687 377 1746 ponere
392 1667 570 1750 aliquando,
593 1689 628 1728 ac
640 1671 767 1730 fortasse
778 1689 833 1750 pro
843 1662 932 1732 τοῦδ’
945 1665 965 1730 d
975 1667 1042 1749 βίος
1053 1667 1162 1744 legan-

60 1749 143 1808 dum
165 1761 210 1810 est
230 1754 321 1816 cecide
342 1755 422 1834 βίον.
463 1775 570 1814 verum
586 1753 661 1838 quid
676 1753 769 1814 iudei
791 1755 917 1814 fortasse
930 1753 1076 1812 moralem
1089 1771 1163 1810 aen·

60 1857 136 1894 sum
154 1839 251 1916 poesie
271 1839 393 1915 elicere,
415 1849 562 1921 tanqum
584 1844 648 1900 vita
668 1841 762 1899 huicce
777 1839 886 1900 mundi
896 1841 940 1899 sie
952 1837 1164 1896 ωῖωιιίωίιυη

60 1925 204 1982 accersio.
259 1922 313 1984 sed
334 1925 485 2006 quomodo
507 1923 584 1985 haec
601 1929 680 1986 inter
704 1947 737 1986 se
760 1923 952 1998 cohaereant,
980 1942 1042 1982 non
1061 1917 1163 1980 rideo.

61 2009 157 2088 quale
177 2019 279 2068 autem
300 2021 345 2070 est
362 2011 576 2086 infortunium,
598 2031 676 2094 quae
697 2023 743 2072 est
760 2029 872 2090 magna
891 2010 1061 2082 calamitas,
1084 2024 1165 2086 quae

61 2103 133 2172 post
144 2096 302 2154 transitum
313 2093 476 2177 Euphratis
490 2108 520 2156 et
531 2091 597 2178 μετ’
612 2097 709 2180 ἔρρων
722 2092 867 2178 ἔμπόνων
876 2091 985 2153 accidit
998 2088 1162 2152 Heraclioi

62 2189 145 2237 certe
162 2177 384 2260 Theophanes,
412 2185 466 2265 qui
482 2180 558 2242 haec
574 2193 709 2242 accurate
726 2180 883 2255 describit,
904 2179 1078 2238 Heraclium
1095 2179 1162 2236 llu-

60 2262 171 2343 phrate
182 2268 356 2326 transmisso
370 2265 409 2326 ad
424 2269 530 2327 Seram
542 2269 654 2328 huenen
669 2270 837 2328 constitisse
847 2267 951 2346 ibique
964 2265 1091 2323 viriliter
1102 2281 1164 2342 pu-

61 2369 172 2429 gnasse
195 2370 229 2410 aa
251 2354 382 2432 plurima
403 2354 529 2412 vulnera
550 2354 699 2432 accepisse
720 2361 840 2411 narrat:
872 2352 915 2409 ait
938 2350 1021 2408 enim
1041 2369 1077 2426 p·
1098 2350 1163 2411 268

60 2431 177 2509 solide
191 2433 307 2518 πληγὰς
321 2436 446 2518 ἱδὲχετο.
489 2459 596 2498 verum
617 2440 644 2498 ai
663 2435 770 2497 damus
785 2434 864 2495 hanc
878 2455 945 2494 essa
959 2435 1163 2495 calamitatem

61 2519 103 2578 de
126 2539 186 2602 qua
209 2525 400 2604 conqueritur
417 2534 533 2600 noster,
556 2521 708 2607 quomodo
727 2541 805 2604 quae
822 2530 988 2602 sequuntur
1005 2538 1037 2577 v.
1053 2521 1111 2582 171
1129 2524 1161 2574 et

61 2607 127 2670 172
153 2606 392 2686 explicabimus?
437 2621 538 2691 aperte
558 2611 655 2685 enim,
682 2619 717 2669 ut
735 2605 815 2666 mihi
831 2605 967 2680 videtur,
998 2601 1038 2663 da
1056 2602 1160 2683 aliqua

60 2691 137 2748 urbe
157 2693 194 2750 ab
217 2695 355 2754 Heraclio
376 2715 496 2771 eversa,
519 2715 581 2755 non
596 2693 634 2755 de
647 2694 822 2755 vulneribus
837 2690 938 2752 eidem
951 2689 1089 2762 inflictis,
1112 2687 1157 2744 ibi

60 2795 160 2835 senno
175 2787 230 2838 ast.
273 2789 419 2859 quantam
433 2783 525 2860 igitur
538 2783 680 2860 colligere
693 2799 833 2861 possum,
853 2776 956 2838 Pisida
970 2776 1103 2856 aliquam
1116 2789 1158 2832 ex

60 2862 125 2920 illis
142 2863 282 2942 Assyriae
305 2867 474 2926 civitatibus
496 2866 650 2947 designat,
670 2869 705 2925 in
727 2866 836 2946 quibus
860 2861 1029 2923 Christiana
1049 2859 1157 2940 religio

60 2947 215 3027 quondam
234 2949 373 3026 florebat,
404 2971 496 3034 quam
520 2973 589 3012 cum
610 2952 766 3012 Heraclius
786 2969 805 3008 a
824 2946 975 3008 Chosrcae
995 2940 1156 3026 tyrannide

61 3053 235 3111 oppressam
255 3044 286 3093 et
304 3037 508 3116 impietatibus
526 3039 715 3117 profanatam
733 3031 994 3116 deprehendisset,
1015 3029 1081 3088 solo
1101 3046 1156 3086 ae-

59 3117 214 3198 quandam
235 3140 313 3180 esae'
324 3123 437 3182 statuit.
480 3143 568 3202 porro
584 3121 664 3183 hanc
681 3124 881 3180 coniecturam
897 3117 993 3178 secuti
1005 3117 1049 3176 ita
1061 3113 1156 3174 verti·

60 3223 141 3262 mne.
181 3207 233 3285 qui
245 3207 355 3265 melius
368 3211 462 3287 sapit,
483 3209 591 3269 melius
607 3205 762 3268 iudicabit.

147 3291 217 3352 167.
258 3293 425 3352 Darantasia
448 3295 682 3375 Mesopotamiae
707 3293 811 3352 ciritae
829 3309 899 3350 cum
911 3287 986 3348 urbe
999 3286 1081 3346 Dara
1093 3301 1157 3344 non

61 3383 109 3432 est
128 3373 347 3436 confundenda.
388 3380 484 3439 Daras
503 3384 600 3456 enim,
630 3399 707 3462 quae
729 3379 875 3456 Procopio
892 3385 984 3449 teste,
1005 3373 1043 3432 de
1066 3366 1157 3430 Bello

62 3461 147 3518 Pert-
166 3462 220 3536 10,
243 3460 372 3522 distabat
381 3464 478 3523 Nisibi
492 3463 596 3525 stadiis
612 3470 672 3530 100
683 3465 785 3523 minus
801 3460 936 3534 duobus,
958 3479 977 3517 a
990 3456 1087 3516 limita
1100 3475 1158 3514 au-

61 3555 125 3602 tem
138 3547 291 3628 utriusque
303 3551 424 3628 imperii
437 3553 554 3610 circiter
567 3553 625 3626 27,
652 3569 692 3608 ex
706 3569 784 3629 pago
801 3548 873 3606 urbs
889 3544 1092 3604 munitissima
1107 3540 1157 3597 fa-

62 3641 110 3689 cta
125 3641 168 3690 eet
180 3631 219 3689 ab
229 3633 387 3695 Anastasio
400 3638 476 3716 imp.
491 3648 521 3696 et
533 3635 768 3715 Masmuopolis
784 3632 880 3705 dicta,
902 3640 936 3689 nt
954 3635 1055 3687 namet
1072 3627 1158 3684 ilua·-

62 3717 144 3794 grlua
157 3716 246 3782 lib-8
269 3723 320 3784 57.
362 3722 530 3781 Dar-artasio
549 3732 666 3794 antem,
688 3731 723 3778 ut
738 3717 841 3779 Pisida
855 3717 936 3775 infra
951 3722 1093 3784 testatur,
1117 3709 1157 3766 ab

61 3805 197 3862 Artasere
210 3803 346 3880 condite,
368 3803 518 3867 Ghosroae
532 3808 719 3886 aliorumque
732 3800 872 3863 Persidos
886 3819 1008 3879 regum,
1031 3798 1085 3877 qui
1095 3796 1158 3852 Ar·

61 3890 151 3946 taseri
163 3902 381 3967 successerunt,
404 3895 487 3971 regia
502 3890 588 3952 sedes
604 3891 673 3950 fuit.
716 3887 792 3948 haec
806 3907 899 3967 prope
912 3885 1032 3963 Tigrim
1045 3882 1159 3940 flumen

61 3974 118 4032 sita
134 3983 209 4049 erat,
232 3985 262 4034 et
277 3979 304 4036 si
320 3975 517 4056 Theophanis
534 3979 615 4037 valet
628 3978 805 4048 auctoritas,
827 3975 869 4038 26
883 3969 1007 4029 milibus
1024 3985 1042 4025 a
1058 3964 1157 4024 ctesi-

59 4056 170 4137 phonte
191 4058 329 4121 distabat.
373 4062 428 4126 sed
448 4058 748 4122 animadvertendum
767 4056 903 4118 Pisidam
922 4063 1018 4114 metro
1038 4069 1153 4109 nomen

61 4143 157 4219 urbis,
186 4148 358 4229 ceteroquin
379 4149 554 4223 barbaram,
582 4143 840 4209 accommodasse:
872 4159 965 4223 quam
982 4138 1065 4196 enim
1085 4138 1152 4214 ipsa

60 4229 246 4290 Durarteaim
268 4243 371 4310 vocat,
392 4233 578 4314 Dastagerda
598 4253 617 4294 a
637 4228 843 4312 Theophane,
865 4227 904 4288 ab
918 4235 1037 4288 auctore
1054 4218 1152 4282 (ihm-
