2792 4709
203 207 279 283 154
634 210 697 280 ΒΗ
728 208 871 281 canon

199 376 337 439 custodes
356 385 524 455 mmm
541 373 623 457 apud
647 379 842 439 Anastasium
866 378 898 437 iu
914 377 947 439 S.
961 370 1107 439 Silvestro
1121 398 1154 459 p.
1171 384 1210 445 ts
1224 390 1257 441 et
1273 382 1305 441 in

198 464 325 545 Synodo
349 467 438 523 Rom.
462 463 518 521 aub
544 462 653 523 mam
673 466 819 525 silvestro
841 468 980 537 cau-113
1002 466 1137 524 custodes
1149 486 1243 544 asper
1257 488 1306 525 ee-
1370 514 1371 535 ,

196 550 310 630 pulcra
332 546 535 627 apostolomm
563 547 646 629 apud
678 548 809 609 eundem
835 552 1026 609 Anastasium
1052 553 1085 609 iu
1109 552 1142 611 S.
1164 554 1272 611 Iteoue
1292 574 1305 611 1

197 656 231 716 p·
246 640 305 711 27;
327 634 462 693 custodes
484 633 651 693 hmlcmm
666 637 700 695 in
717 638 779 695 vita
795 638 829 695 S.
844 636 959 695 zozimi
974 638 1105 716 episcopi
1122 637 1307 715 syracusam

199 742 231 779 u.
253 726 289 794 6,
314 722 367 779 ubi
385 718 509 780 eoadem
525 739 591 779 ease
611 740 681 781 cum
698 722 830 780 catiaris'c
848 718 1002 781 evidenter
1022 719 1199 781 ostenditur.
1251 722 1306 782 sed

199 817 231 865 et
253 826 347 885 penes
368 824 420 865 eos
439 807 532 865 fuisse
556 806 700 866 ccclesiae
716 808 816 865 claves
832 804 918 865 docet
932 809 1038 866 Petrus
1053 808 1138 865 Diac.
1156 806 1230 866 chr.
1245 810 1306 867 Ca-

198 894 257 951 sin.
272 890 295 955 4
315 893 367 955 53.
398 889 574 950 babitabant
587 893 700 973 quippe
714 892 907 951 mansionarii
919 892 951 949 in
965 890 1055 951 domo
1071 893 1216 951 ecclesiae
1231 914 1306 953 con-

198 979 295 1055 tigua,
311 994 401 1057 aqua
413 996 524 1035 nomeu
538 974 678 1056 dignitati
691 979 743 1037 isti
753 979 874 1037 rnansit.
897 988 999 1036 auctor
1011 978 1147 1037 ltliracol.
1163 979 1197 1037 S.
1205 980 1306 1037 Mauri

200 1064 317 1121 abbatis
329 1081 356 1119 o.
372 1064 430 1125 1οτ
452 1061 578 1120 clerium
590 1064 717 1141 quidam
730 1064 849 1121 nomiae
866 1062 1063 1141 Manfiedus,
1085 1066 1140 1143 qm'
1150 1062 1189 1120 ob
1204 1076 1307 1122 cuato-

198 1148 285 1207 dmm
299 1150 333 1205 iu
345 1148 489 1226 contigua
504 1145 647 1205 ὂωϋίοαο
659 1149 755 1225 ipsein
768 1147 952 1206 domama
967 1148 1094 1206 domita
1106 1158 1171 1205 erat
1184 1148 1305 1223 colline·
1372 1166 1373 1201 1

199 1234 253 1292 nbi
274 1232 404 1291 ἅοιπιίνι
422 1230 506 1289 idem
529 1242 575 1291 eat
596 1231 679 1313 quod
691 1226 873 1309 καθεύδειν,
893 1232 926 1290 id
945 1242 990 1292 est
1005 1234 1132 1309 morari,
1155 1231 1305 1310 habiture,

199 1328 234 1379 ut
246 1319 430 1377 monuimus.
459 1314 533 1376 iude
543 1320 640 1395 primi
653 1320 852 1377 mamiomrii
863 1316 992 1395 dignitas
1005 1336 1115 1395 magua
1128 1321 1161 1375 iu
1176 1321 1306 1379 ecclesia

199 1406 348 1479 Romana,
363 1404 414 1484 qui
425 1412 524 1461 mutor
536 1404 727 1463 maniacam
739 1406 872 1462 vacent
883 1401 993 1462 dicitur
1004 1406 1036 1462 iu
1049 1402 1153 1462 ordine
1165 1406 1305 1463 Romano

201 1500 233 1548 et
246 1499 414 1547 ceterorum
429 1488 584 1547 Ecclesiae
599 1508 756 1564 vasomm,
779 1508 848 1547 cum
864 1489 915 1547 alii
925 1488 1075 1548 inferioris
1088 1487 1202 1548 ordinis
1214 1510 1305 1548 mo-
1373 1486 1374 1551 l

200 1577 328 1633 emnerii
346 1573 476 1631 mamm
499 1572 678 1633 dicerentur.
721 1571 803 1633 uude
818 1572 901 1632 haud
917 1574 1051 1654 procula
1066 1593 1137 1632 sero
1150 1575 1304 1634 aberraret

199 1662 254 1719 ille
276 1660 330 1741 qni
351 1654 515 1737 νεωκόρον,
535 1662 585 1718 cui
600 1658 772 1739 Sopbiauae
789 1661 932 1719 ecclesiae
947 1660 1045 1719 claves
1062 1661 1242 1721 commissae
1258 1663 1304 1719 le-

199 1754 312 1825 guntur
327 1742 409 1824 apud
423 1746 648 1820 silentiarium,
665 1738 897 1827 mpopoadptov
911 1746 1163 1823 interpretaretur.

282 1832 335 1894 87.
377 1826 440 1889 Sed
462 1840 493 1889 et
514 1849 576 1891 nou
602 1833 727 1890 omuino
749 1828 946 1911 improbanda
977 1829 1097 1889 videtur
1121 1831 1304 1912 wolfgangi
1374 1844 1375 1873 ³

196 1916 328 1975 Musculi
350 1913 513 1991 divinatio,
544 1916 598 1998 qui
620 1912 801 1999 psroeaa'ptou
822 1912 903 1996 apud
925 1912 1124 1975 Theodorum
1144 1920 1305 1977 Lecturam

196 2003 396 2059 mutatorium
413 2004 513 2059 vertit.
555 2020 627 2059 nam
645 2020 715 2061 oum
732 1999 910 2083 pcrurdptov
923 2000 1006 2061 idem
1018 2003 1058 2060 sit
1070 1998 1153 2085 quod
1164 2000 1305 2063 diaconi-

195 2106 280 2161 cum,
302 2106 422 2145 rumam
435 2104 507 2145 vero
524 2082 714 2147 diaconicum
725 2085 808 2147 idem
821 2086 904 2168 quod
919 2090 1106 2158 vermium,
1126 2090 1303 2148 vestiarium

195 2172 329 2253 denique
344 2170 429 2231 idem
442 2166 526 2252 quod
538 2166 754 2253 ἆλλαξιμάριον
767 2173 848 2253 apud
861 2170 1010 2233 Godiuum
1023 2171 1062 2231 de
1079 2170 1137 2233 off.
1151 2192 1178 2232 c.
1192 2178 1231 2250 2,
1254 2176 1304 2234 lo-
1375 2164 1376 2213 f

196 2278 250 2318 cua
269 2258 384 2318 scilicet
400 2276 455 2316 seu
471 2255 644 2315 cubiculum
657 2257 740 2317 uude
752 2270 851 2318 vestes
862 2256 1025 2317 mutandae
1038 2268 1233 2337 promuntur,
1257 2263 1303 2318 nil

196 2354 280 2403 vetat
299 2340 480 2425 μιτατώριον
493 2360 600 2401 rocem
614 2362 671 2423 pro
686 2336 894 2423 poororciptoa
908 2362 1067 2423 usurpasse
1086 2344 1216 2404 Graecos
1233 2348 1304 2404 exi-

194 2432 331 2491 stimare.
373 2432 486 2509 quippe
505 2426 588 2507 apud
607 2430 732 2489 Latinos
749 2432 816 2488 aevi
832 2430 983 2487 inferioris
997 2432 1154 2507 scriptores
1168 2442 1303 2489 mutato-

194 2520 291 2587 rium,
313 2517 340 2575 si
352 2536 416 2576 uon
429 2516 531 2573 locum
544 2510 626 2573 uude
640 2524 820 2594 promuntur
832 2524 931 2573 vestes
945 2513 1122 2589 mutandae,
1145 2527 1227 2575 oerte
1247 2538 1304 2575 ve-
1376 2518 1377 2553 i

194 2612 257 2662 ates
273 2604 355 2681 ipsas
369 2620 447 2681 quae
460 2601 583 2660 alteruis
597 2611 753 2661 mutantur
768 2602 913 2681 appellari
930 2608 1061 2674 constat3
1085 2617 1162 2680 quae
1176 2600 1304 2685 quidem

194 2683 342 2766 ἕξημοιβᾶ
366 2683 471 2764 ἱμάτια
494 2683 636 2745 dicuutur
657 2688 789 2745 Homero
810 2685 917 2767 Odysa.
932 2688 967 2760 2,
989 2687 1106 2744 vicario
1122 2687 1304 2747 mdramento

195 2774 340 2831 (tassiano
361 2768 383 2833 4
406 2772 463 2845 10,
484 2771 650 2830 madae
669 2772 703 2830 in
723 2772 840 2851 Regula
861 2772 997 2849 Magistri
1017 2792 1043 2830 c.
1057 2772 1116 2849 81,
1136 2776 1304 2833 mariamnis

195 2859 284 2931 eliis,
305 2857 351 2915 uti
367 2858 541 2915 monuimus
555 2858 589 2914 iu
602 2858 683 2915 uotis
698 2854 738 2915 ad
750 2854 948 2931 Alexiadem3
972 2853 1103 2937 denique
1118 2852 1305 2939 ἆλλαξιμαια

195 2940 279 3024 apud
300 2952 453 3001 auctorem
472 2938 511 3001 da
533 2941 620 3001 offic.
639 2942 723 3000 ilccl.
746 2943 794 2999 GP
817 2960 834 2999 a
859 2940 1000 3001 Medouio
1021 2940 1152 3018 editum,
1173 2939 1304 3027 dilapsa

195 3026 279 3110 apud
293 3026 461 3101 codtnum3
482 3024 565 3085 uude
578 3020 737 3090 cilloiooatv
752 3024 832 3107 apud
846 3026 976 3086 eundem
989 3038 1020 3085 et
1035 3030 1172 3089 Marcum
1190 3034 1302 3092 Hiero-

194 3132 279 3176 mon.
292 3113 332 3173 de
344 3114 425 3173 Dub.
437 3122 503 3193 typ.
518 3134 545 3171 o.
560 3110 613 3176 43.
654 3115 763 3172 Avitus
778 3114 884 3173 Vienu.
898 3115 920 3173 l.
935 3116 954 3175 3
970 3116 1075 3173 Po'em.

358 3200 455 3259 succa
470 3197 517 3257 bis
531 3198 623 3257 ccctis
637 3197 778 3257 mutabat
793 3200 926 3278 tegmina
943 3197 1057 3258 blattis.

193 3287 388 3346 secretarium
402 3294 504 3343 antem
519 3284 663 3344 ecclesiae
675 3285 852 3344 raedarium
865 3284 1013 3365 appellari
1027 3285 1128 3345 notius
1144 3295 1190 3344 est
1207 3304 1302 3367 quam

192 3382 228 3432 ut
241 3372 354 3430 firmari
366 3388 490 3429 necesse
505 3371 556 3429 ait.

278 3458 330 3520 88.
372 3458 402 3514 Α
416 3456 507 3514 variis
524 3450 651 3534 proinde
667 3453 775 3513 officiis
790 3455 888 3515 varias
903 3456 1006 3514 sortita
1019 3462 1065 3515 est
1080 3454 1301 3533 appellationes

190 3539 269 3602 baec
287 3537 417 3599 exedra:
437 3558 511 3599 uam
523 3551 555 3599 et
567 3559 586 3598 a
599 3540 829 3600 salutationibus
845 3534 1027 3613 demetriade
1043 3534 1128 3615 oleo,
1142 3542 1235 3599 etiam
1250 3540 1302 3601 di·

191 3630 271 3686 citur
283 3623 506 3689 Theodoreto5
529 3630 580 3701 17,
602 3624 814 3685 mlututorium
829 3628 973 3706 Gregorio
986 3628 1103 3685 Toron.
1114 3628 1224 3688 tinae
1245 3630 1300 3702 21,

188 3717 212 3776 6
235 3714 286 3787 11,
307 3714 329 3773 7
350 3714 403 3785 27,
421 3713 571 3771 Messiano
583 3713 719 3792 presbyt.
734 3711 772 3774 de
783 3714 846 3772 vita
861 3714 894 3772 S.
909 3713 1040 3772 Caesarii
1052 3712 1166 3771 Arelat.
1181 3732 1214 3790 p·
1223 3710 1300 3785 252,

189 3798 333 3858 Aimoiuo
348 3798 461 3861 Hiran
482 3796 540 3873 47,
562 3800 675 3858 auctori
687 3800 767 3859 Hist.
783 3798 937 3857 Miscellae
951 3798 974 3856 l.
994 3802 1030 3861 13
1045 3818 1076 3877 p·
1090 3798 1152 3861 879
1172 3794 1221 3854 ed·
1237 3797 1301 3855 Cu·

191 3884 282 3959 uisii,
305 3893 335 3942 et
349 3880 490 3943 orderico
504 3884 596 3943 Vitali
608 3885 658 3948 l.2
671 3904 703 3963 p.
713 3883 786 3948 412.
819 3892 865 3943 est
877 3892 977 3941 autom
991 3881 1202 3941 edmarum
1215 3879 1300 3961 apud

191 3968 320 4050 Papiam
340 3968 425 4027 locus
447 3970 482 4027 io
504 3988 563 4047 quc
580 3969 627 4027 od
642 3968 841 4029 salutandum
858 3968 1047 4027 aveamus
1061 3966 1300 4045 excipiebantur,-

194 4064 226 4112 et
241 4056 275 4113 iu
292 4054 447 4115 Glossario
467 4055 595 4113 Aelfrici
610 4054 822 4114 adulatoriam
835 4052 943 4115 dicitur
957 4073 1023 4113 csse
1033 4052 1244 4136 gretiog-lma,
1265 4052 1299 4113 id

87 4146 110 4199 Ρ
126 4141 180 4211 597
196 4148 244 4198 est
259 4138 368 4199 domus
382 4140 586 4216 salutationis,
607 4142 653 4200 nti
672 4138 813 4201 delinitur
825 4140 863 4199 ab
877 4142 1037 4219 Ugutioue.
1080 4140 1124 4199 aio
1137 4158 1227 4219 porro
1241 4158 1301 4219 ap-

194 4224 343 4307 pellatum
361 4226 468 4288 volunt
491 4224 699 4307 diaconicum,
721 4223 802 4311 quod
823 4229 857 4287 iu
878 4242 915 4286 ao
935 4225 1067 4307 apisoopi
1083 4242 1166 4288 sacra
1178 4226 1299 4303 facturi,
