2792 4709
506 230 750 303 nmmo.
1110 250 1180 301 nv
1211 254 1226 291 e

68 404 188 485 legitur
194 398 348 487 Penoylov
358 394 502 465 διακόνου
515 405 569 482 eric
580 397 668 484 dylse
680 398 839 482 Ιηλησίὸς
846 398 1060 476 τοῦ-Πισίδους
1068 394 1180 485 specl-

70 528 149 589 pros
163 507 219 585 τῆς
231 502 413 587 Respicere
425 499 467 567 δι’
484 498 606 587 ἰάμβων
619 507 739 587 στίχων,
760 513 840 563 recte
853 502 977 563 omnino
992 507 1108 585 colligit
1121 503 1180 565 hoe

71 626 154 689 opus
173 624 240 667 esse
257 605 407 689 'inprecor
428 616 459 665 et
477 627 567 669 versu
587 610 806 689 comeriptmn,
827 603 883 665 sed
895 624 1054 686 perperam
1069 604 1181 667 deinde

71 712 182 773 steterit
203 710 289 769 mille
311 712 496 789 octingentos
518 710 668 790 octoginta
689 707 827 771 eiusdem
847 711 946 789 operis
960 727 1081 785 versus,
1103 728 1181 791 qncs

71 814 321 893 habuisseprso
349 813 489 871 menibus
509 811 606 871 editos
626 810 781 889 adfirmat,
813 809 898 871 eliud
916 830 979 870 non
997 830 1063 870 esse
1087 830 1180 891 quern

72 914 232 1000 quoddam
250 916 342 975 totins
364 918 533 995 srgnmenti
553 916 757 995 prooemimn‘,
779 912 861 997 qnod
882 917 974 973 etism
996 916 1120 975 Vossins
1142 911 1180 973 de'

70 1021 165 1081 Hirt.
190 1019 299 1079 Graec.
320 1028 391 1077 tom.
408 1018 430 1083 4
441 1040 478 1096 p.
499 1014 576 1093 145,
596 1014 708 1076 deeri
727 1020 902 1077 anctoritate
919 1027 1039 1092 motus,
1060 1018 1182 1097 impru-

72 1121 185 1184 denter
205 1122 340 1181 assensit.
383 1123 485 1202 ecquis
505 1121 588 1179 enim
607 1139 669 1179 non
682 1121 827 1201 intelligit
838 1124 871 1180 in
886 1118 990 1181 codice
1001 1122 1180 1200 Angustam

72 1244 186 1285 vocem
200 1224 361 1307 spoolprros
374 1222 457 1283 idem
468 1223 557 1304 plene
570 1242 676 1297 sonere
689 1241 725 1282 sc
740 1217 817 1305 ἆρχή
831 1227 887 1287 scri
898 1220 1083 1304 Ἐξὰημέρου
1090 1266 1099 1298 ,
1120 1220 1180 1282 hoo

74 1338 124 1386 est
145 1328 268 1385 ὴιίὶἱιιηι
285 1328 486 1399 Euaimon,
513 1326 564 1387 vel
582 1328 692 1406 incipiit
711 1325 943 1385 Hexaimemn?
985 1328 1054 1405 quis
1078 1336 1181 1385 entem

75 1426 182 1488 credet
203 1430 288 1508 operi
305 1434 398 1491 nium
424 1432 556 1491 millium
575 1430 737 1504 sennem,
765 1439 799 1487 ut
816 1428 917 1507 placet
936 1426 1070 1504 scidae,
1093 1430 1181 1487 mille'

75 1536 319 1611 octingentorum
334 1543 365 1591 et
379 1535 530 1611 octoginta
545 1550 610 1593 esse
625 1528 980 1611 sffixmpmcsminml
1021 1530 1119 1591 sedet
1131 1534 1180 1593 lc-

75 1638 164 1715 genti
183 1645 267 1715 petet
288 1637 470 1695 Hexsimeri
482 1638 671 1715 prooemium
684 1643 819 1695 constsrs
830 1642 950 1691 tontum
962 1637 1181 1716 qninqnsgints

74 1738 228 1817 prioribus
242 1738 370 1813 iambis,
391 1748 461 1817 post
473 1757 549 1819 qnos
564 1743 666 1799 stetim
678 1740 785 1818 incipit
797 1742 906 1816 poema
920 1756 957 1796 ec
971 1757 1076 1815 versu,
1096 1732 1181 1820 scope}

76 1838 136 1921 pls
152 1832 212 1903 osis
223 1838 341 1919 πέφυκε
354 1843 411 1903 rori
424 1835 514 1922 λόγου
529 1842 593 1923 μία.
626 1840 793 1903 scendum
806 1842 915 1899 errarit
926 1836 1077 1917 Rederus‚'
1099 1838 1181 1921 quod

76 1940 216 2001 Pisidom
227 1944 380 2022 scripsisse
392 1941 549 2003 historiam
561 1946 598 2003 de
608 1944 754 2005 Heracon
766 1938 976 2025 καταλογάδην
987 1941 1078 2018 dicet,
1100 1946 1183 2002 eius-

79 2064 140 2127 qne
154 2048 200 2105 rei
214 2056 323 2106 testem
334 2045 391 2105 Sui
412 2064 463 2103 sm
476 2044 636 2139 pxhibest,
659 2044 742 2130 qnod
761 2067 827 2106 csse
839 2046 951 2105 fslsnm
967 2047 1040 2104 nlibi
1054 2042 1183 2105 demon·-

77 2158 208 2207 strstnm
220 2158 274 2210 est.
316 2168 389 2207 nsm
403 2166 480 2228 quse
493 2148 604 2210 Suidss
615 2154 657 2211 sit
669 2152 824 2230 scripsisse
834 2146 971 2208 Pisidom
983 2146 1022 2207 de
1033 2149 1182 2226 Heraclio,

76 2252 189 2309 ismhis
207 2252 351 2309 contineri
364 2250 513 2329 vidimus,
537 2274 594 2313 nec
615 2254 712 2313 nllem
729 2255 823 2312 sliam
837 2250 996 2313 historiam
1011 2252 1184 2332 lexicogrs-

76 2350 160 2431 phus
172 2364 337 2431 memoret,
359 2353 399 2413 sd
412 2375 505 2437 qnsm
517 2352 679 2415 chronicon
690 2354 838 2416 Psschsle
851 2356 957 2413 referri
968 2366 1081 2435 posset.
1122 2358 1185 2413 its-

79 2474 142 2536 qne
166 2474 236 2513 cnm
260 2457 433 2517 llerwsrtns
454 2470 520 2517 tum
544 2456 681 2517 Roderus
702 2461 735 2516 in
757 2454 872 2517 Snidsc
888 2468 976 2516 textu
992 2456 1185 2537 explanando

78 2560 152 2618 lnlsi
171 2569 258 2619 sunt:
281 2558 336 2619 sed
357 2562 474 2640 turpius
497 2563 687 2637 Homerios,
710 2563 765 2642 qui
786 2580 828 2619 ex
850 2578 886 2619 eo
906 2559 1052 2639 glorietur
1069 2564 1102 2619 in
1121 2562 1185 2619 snis

82 2660 245 2740 Capitibus
269 2662 380 2722 Cliton.
403 2661 556 2725 detexisse
569 2662 706 2725 eiusdem
717 2662 851 2723 chronici
863 2660 1019 2722 Psschslis
1033 2674 1185 2722 auctorem

80 2784 149 2825 esse
166 2762 319 2841 viridem,
341 2786 397 2825 nec
414 2769 510 2827 sensit
525 2786 618 2848 quem
634 2769 830 2848 sit'ineptnm
844 2764 904 2827 hoo
917 2764 1095 2842 adfirmare,
1116 2784 1186 2824 cnm
1212 2801 1218 2839 ι

80 2865 196 2929 Snidns
218 2864 299 2925 diost
321 2867 458 2928 Pisidcm
476 2870 607 2931 iambico
627 2880 725 2931 metro
749 2892 816 2931 esse
837 2877 943 2945 nsum3
971 2880 1001 2927 et
1021 2866 1187 2929 chronicon

79 2960 231 3032 thrle'
245 2972 343 3031 soluts
355 2974 488 3033 cretione
501 2976 541 3033 sit
552 2984 721 3033 exsrstnm.
764 2984 796 3033 st
818 2974 954 3033 liuderus
976 2982 1079 3030 contre
1098 2970 1185 3029 nullo

81 3072 177 3133 modo
192 3094 233 3133 ex
245 3072 340 3135 Snids
358 3075 463 3155 effingi
477 3095 565 3155 posse
577 3074 705 3148 Pisidae,
716 3074 775 3136 hcc
789 3076 951 3135 chronicon
962 3084 1043 3133 recte
1059 3083 1186 3131 conten·

82 3176 139 3253 dit,
162 3176 217 3237 sed
229 3178 312 3237 melo
323 3179 425 3258 ipsum
436 3176 572 3238 Pisidsm
584 3175 729 3238 historiae
742 3178 899 3239 cniusdam
912 3177 1108 3237 Hersolisnse
1119 3195 1187 3237 esse

81 3291 239 3365 auctorem
257 3280 403 3341 concedit.
441 3284 514 3363 quin
530 3282 621 3341 etism
634 3278 798 3342 chronicon
809 3284 963 3362 scripsisse
976 3277 1112 3340 Pisidsrn
1124 3299 1187 3339 non

82 3383 178 3443 sudet
200 3384 323 3445 omnino
345 3402 472 3464 negare:
500 3403 574 3443 nem
597 3381 681 3443 eliud
701 3382 861 3446 chronicon
879 3402 1065 3466 anonymum
1086 3402 1135 3443 ms
1156 3382 1189 3440 in

81 3484 268 3547 bibliothece
287 3486 408 3567 collegii
427 3487 546 3547 Annaei
562 3489 741 3566 Angrntsns
761 3508 795 3549 sc
816 3486 929 3547 vidisse
945 3497 1086 3561 testetur,
1109 3482 1191 3565 qnod

82 3610 126 3651 ex
144 3588 249 3651 Pisida
271 3600 302 3649 et
322 3591 435 3671 cyrillo
455 3587 629 3669 decerptum
646 3588 756 3650 dicitnr
769 3593 802 3650 in
815 3588 1005 3671 Epigrsphe,
1028 3590 1190 3669 statimqne

82 3695 117 3752 in
140 3694 290 3773 principio
315 3694 407 3754 refert
427 3690 511 3773 opud
531 3694 696 3771 Georgium
714 3692 852 3753 Pisidsm
863 3691 975 3753 Adsmi
986 3692 1066 3751 filins
1077 3692 1191 3770 primns

83 3798 213 3855 eltersm
234 3798 367 3855 Azurm
391 3797 517 3857 sltersm
528 3798 643 3855 Asnam
657 3798 824 3872 nominsri3
846 3794 929 3855 unde
942 3793 1078 3854 liederus
1095 3794 1192 3853 conii-

84 3900 184 3959 ciebst
197 3895 359 3959 chronicon
372 3897 511 3974 Pisidae,
532 3901 560 3959 si
572 3896 655 3980 qnod
667 3898 805 3981 nnqnsm
815 3900 891 3976 fnit,
913 3920 932 3958 s
945 3892 1190 3958 Psschnlichrc·

81 4006 154 4063 nico
168 4023 233 4063 esse
248 4001 411 4080 diversum,
432 4005 466 4063 in
481 4021 542 4083 quc
556 4020 614 4061 nec
628 4004 729 4061 Asnne
741 4021 799 4060 nec
813 4002 1006 4078 Azssrsenlls
1018 3999 1052 4058 fit
1063 3998 1188 4057 mentio.

81 4124 141 4165 nos
162 4114 266 4165 sutem
282 4106 403 4165 millum
420 4124 558 4186 unqnsm
580 4102 744 4165 chronicon
761 4106 916 4186 scripsisse
928 4101 1064 4163 Pisidcm
1079 4100 1188 4161 existi-

82 4228 228 4271 memus:
249 4228 324 4269 nsnr
339 4210 397 4271 etsi
412 4206 575 4269 concedere
591 4210 722 4271 velimus
736 4206 856 4270 Roderc
869 4216 990 4269 exstare
1005 4202 1141 4266 codicem
1154 4203 1188 4263 in
