2792 4709
178 58 229 133 72
447 107 452 115 ·
618 56 680 126 DU
706 54 850 125 canen

266 222 319 291 15.
360 216 561 285 Altitudinem
571 240 644 283 vero
658 230 774 281 tautam
785 241 851 283 esse
862 216 965 302 prodit
975 218 1156 301 Procopius,
1176 228 1300 281 utnon

180 306 270 370 modo
288 320 386 371 cetera
398 309 479 369 urbis
494 306 629 367 aedificia
644 309 881 387 superexcellat,
902 306 957 367 sed
972 316 1003 365 et
1016 327 1058 365 ex
1072 326 1215 387 supremo
1231 326 1300 365 ae-

73 390 96 447 P
113 388 165 449 533
183 395 229 455 dis
243 399 354 455 vertice
369 395 441 453 urbs
454 404 516 453 tota
533 392 731 473 despiciatur:
754 392 880 478 έπῇρται
899 389 955 475 yolo
974 391 1005 465 ές
1023 386 1108 469 ὅψος
1125 386 1298 470 eisdem,

180 478 254 547 ‘o'ooa
275 481 327 543 ιιαλ
348 476 447 561 ὥσπερ
470 482 533 541 ειόν
552 476 652 541 ἄλλων
669 472 923 559 οἰκοδομημάτων
937 470 1169 541 όποοαλεόονσα
1183 475 1298 539 έιιινέ-

182 588 302 641 νεοπεν,
335 564 535 647 ὑπερκειμένη
556 568 595 649 τῇ
615 561 689 649 ἄλλη
710 556 811 638 πόλει,
841 566 997 644 ιιοσμοῦοα
1017 559 1073 642 μέν
1091 555 1208 641 αυίήν,
1240 556 1298 624 ὅτι

182 645 278 729 ανίῆς
297 650 393 725 λαιόν,
417 647 603 730 οόραϊζομένη
628 648 675 724 δέ,
698 644 747 711 ότι
770 641 865 729 αότῆς
887 640 967 711 οὖσα
987 645 1040 709 ιιαλ
1061 645 1297 726 ἐπεμβαίνουσα

180 739 327 800 τοσοῦτον
345 730 444 815 όνέχιι
452 778 461 811 ,
485 729 561 797 uisse
585 730 625 813 dri
648 734 775 797 λνθένόε
788 731 813 813 tf
825 726 914 807 πόλις
929 732 963 795 έιι
976 736 1133 814 περιωπῆς
1149 726 1296 795 sinuoso-

182 827 292 885 ιιιῖται.
334 840 423 901 porro
448 818 639 879 altitudinem
655 839 674 878 a
690 838 808 879 summa
822 828 979 878 curvatura
995 836 1120 875 arcuum
1135 836 1233 897 usque
1249 814 1297 875 ad

181 908 389 987 pavimentum
410 915 532 964 eentum
550 902 748 987 quadraginta
768 902 896 963 duorum
914 901 1028 983 pedum
1050 922 1115 961 esse
1137 904 1181 960 ait
1203 899 1296 960 idem

183 992 320 1071 Gyllius:
354 1009 427 1049 nam
447 988 485 1048 de
507 1010 543 1049 ea
562 992 631 1049 silet
647 991 814 1069 Euagrius,
844 991 898 1070 qui
918 986 1111 1047 altitudinem
1129 996 1250 1045 tantum
1274 1006 1296 1045 a

184 1088 287 1137 oentro
308 1072 524 1154 hemisphaerii
545 1076 652 1151 refert,
675 1074 713 1135 de
731 1094 791 1156 qua
807 1093 932 1153 agemus
946 1074 1037 1132 infra.
1079 1070 1295 1132 Boudelmou-

182 1162 242 1221 tius
261 1180 332 1221 vero
352 1180 370 1219 a
387 1159 538 1220 testudine
558 1158 642 1221 aedis
663 1159 705 1220 ad
720 1162 929 1241 pavimentum
948 1155 1140 1217 altitudinem
1159 1177 1226 1218 esse
1245 1159 1295 1217 ait

184 1246 247 1315 144
261 1244 463 1305 brachiorum.

269 1332 320 1393 16.
362 1333 476 1390 Totam
497 1326 580 1387 aedis
601 1338 781 1389 structuram
808 1328 946 1389 ambiunt
968 1328 1134 1386 exteriores
1155 1328 1294 1406 porticus

182 1415 330 1476 columnis
352 1416 526 1473 marmoreis
547 1424 730 1473 sustentatae
745 1416 923 1497 musivoque
941 1433 1032 1495 opere
1048 1422 1227 1487 exornatae,
1250 1410 1294 1470 de

183 1502 294 1581 quibus
316 1502 417 1559 neseio
442 1519 481 1559 an
503 1500 595 1559 rerba
615 1502 674 1559 ista
696 1502 836 1581 Prooopii
852 1498 997 1579 capienda
1012 1500 1089 1574 sint,
1112 1518 1151 1555 an
1165 1517 1238 1556 rero
1250 1496 1293 1556 de

182 1586 375 1645 interioribus
387 1585 566 1666 porticibus:
588 1586 634 1659 τίς
644 1580 685 1647 dv
693 1580 797 1659 -τός
807 1608 838 1649 τε
848 1589 1045 1665 παμπληθεῖς
1056 1583 1187 1663 διηγεῖτο
1199 1579 1295 1657 orode

182 1670 235 1733 ιιαλ
248 1667 302 1745 τός
315 1664 513 1751 περιοιόλονς
526 1664 630 1748 αόλός,
650 1664 699 1745 οἷς
714 1666 820 1744 όνειός
832 1669 1059 1753 περιβόβληιαιη
1080 1666 1119 1726 ad
1131 1665 1293 1727 meridiem

185 1758 268 1815 euim
291 1768 321 1814 et
340 1758 576 1835 septentrionem
590 1752 696 1813 habuit
710 1756 844 1833 partious
858 1758 1037 1828 exteriores,
1058 1762 1093 1812 ut
1110 1764 1141 1812 et
1155 1752 1196 1811 ad
1208 1754 1293 1812 ocei-

185 1839 325 1916 dentem,
353 1838 391 1899 de
412 1841 521 1921 quibus
538 1859 613 1899 mox
635 1842 731 1899 acturi
753 1858 867 1901 summ.
908 1859 982 1898 nam
1005 1836 1213 1898 adorientem
1235 1842 1294 1898 vix

185 1925 364 1985 crediderim
387 1927 555 1998 exstitisse,
575 1922 721 2007 quioquid
740 1923 820 1985 diem
838 1926 975 2006 Gyllins,
996 1926 1050 2006 qui
1069 1925 1112 1981 ait
1128 1925 1293 1983 verisimile

184 2030 250 2071 esse
264 2014 355 2070 istam
367 2009 510 2071 oeeidisse
526 2012 629 2092 aliquo
642 2022 740 2069 terrae
753 2021 857 2087 motu,
877 2012 1033 2091 ipsiusque
1044 2013 1076 2067 in
1088 2010 1191 2067 locum
1204 2012 1293 2068 exei-

183 2105 279 2157 tetsm
294 2098 388 2156 fuisse
402 2097 516 2155 molem
527 2098 614 2155 illam
629 2114 708 2178 quae
721 2094 813 2156 hodie
828 2105 928 2155 exstat
940 2093 1043 2176 lapide
1055 2092 1201 2176 quadrato
1215 2114 1293 2154 oon·

184 2190 314 2256 suuota,
336 2179 420 2240 velut
435 2178 556 2259 crepido
572 2180 683 2241 olivoaa
696 2182 812 2241 obieeta
826 2180 866 2241 ad
877 2180 1063 2240 fulciendam
1076 2190 1193 2259 partem
1205 2179 1292 2241 aedis

185 2268 374 2327 orientalem.
416 2270 539 2347 quippe,
561 2269 618 2326 etsi
629 2264 721 2326 aedes
733 2286 835 2327 sacrae
846 2270 976 2326 maimes
986 2267 1150 2346 porticibus
1161 2269 1292 2325 ‹simum-

185 2354 269 2431 cingi
292 2352 439 2426 solerent,
461 2350 502 2409 ad
523 2354 669 2411 orientem
681 2362 786 2412 tamen
798 2354 901 2412 nullae
915 2352 1140 2427 excitabantur,
1160 2352 1238 2411 forte
1251 2352 1291 2411 ob

184 2435 314 2497 bematis
329 2448 359 2497 et
371 2440 552 2497 sacrosancti
565 2438 667 2498 altaris
680 2441 889 2515 reverentiam,
906 2435 988 2520 quod
1002 2434 1042 2495 ad
1054 2447 1171 2517 partem
1184 2438 1294 2516 templi

186 2523 364 2582 orientalem
379 2542 498 2602 semper
513 2533 593 2599 erat,
613 2544 653 2582 ne
668 2544 704 2584 eo
721 2526 894 2584 coeuntium
907 2523 1039 2582 tumultu
1054 2542 1090 2580 ao
1103 2523 1293 2603 obloquentis
1373 2529 1374 2538 ’

185 2608 285 2686 plebis
299 2608 472 2686 garrulitate
486 2627 570 2667 suoru
581 2608 758 2668 faoientium
771 2608 961 2668 sacerdotum
973 2608 1143 2667 turbaretur
1156 2610 1293 2669 attentio.

185 2690 221 2750 id
246 2695 327 2751 enim
351 2694 423 2750 satis
443 2690 545 2772 prodit
564 2694 729 2771 Proeopius
748 2691 786 2752 de
802 2692 938 2757 Aedis-1
961 2696 1000 2768 8,
1021 2694 1075 2751 ubi
1089 2696 1132 2753 ait
1144 2696 1294 2774 templum

187 2776 222 2836 Β.
236 2776 393 2835 Michaelis
407 2778 441 2833 in
453 2777 572 2855 Anaplo
589 2778 702 2857 ubique
715 2780 880 2857 porticibus
897 2780 1095 2839 exterioribus
1109 2781 1190 2858 cingi
1202 2800 1292 2859 prae-

185 2870 233 2921 ter
254 2882 325 2920 uam
347 2860 387 2919 ad
409 2864 574 2921 orientem:
597 2859 669 2925 οτοολ
686 2859 739 2925 τόν
753 2860 832 2926 aesia
843 2859 1017 2944 περιβάλλει
1030 2860 1185 2945 έγιιόιιλιος
1200 2865 1243 2937 εἰς
1255 2860 1293 2927 td

189 2969 268 3028 προς
289 2946 328 3010 to
348 2948 529 3027 διαλιποῦσα
543 2940 650 3026 μόνον.
691 2948 803 3009 similia
816 2947 909 3008 tradit
924 2946 962 3006 de
975 2946 1051 3007 aede
1066 2946 1206 3030 deiparae
1218 2952 1293 3009 ilie-

92 3094 96 3099 ,
190 3034 405 3115 rusolymitana
428 3032 448 3099 6
470 3036 510 3097 6:
532 3033 565 3095 αλ
587 3030 713 3114 (σιοαλ)
734 3029 949 3117 περιβόλλονοι
968 3029 1004 3099 τό
1026 3031 1110 3117 λερόν
1125 3030 1197 3099 όλον
1211 3032 1293 3118 πλὴν

190 3120 246 3199 τῆς
258 3114 336 3197 πρὸς
349 3117 389 3181 ἕω
401 3115 603 3199 τετραμμένης
615 3120 756 3199 πλευρᾶς.

277 3205 327 3266 17.
370 3205 412 3261 At
429 3202 470 3261 ad
490 3200 677 3262 oooidentem
693 3204 801 3283 templi
813 3202 939 3280 valvae,
959 3202 1060 3284 inquit
1071 3202 1206 3283 Gyllius,
1227 3205 1292 3266 Ιοοο

190 3288 334 3347 vestibuli
346 3285 421 3345 duas
434 3290 566 3367 partious
578 3285 707 3363 habent,
727 3289 919 3362 inferiorem,
941 3308 1001 3369 qua
1026 3286 1126 3347 aditur
1146 3292 1293 3370 templmn

190 3372 282 3451 plano
309 3370 403 3453 pede,
432 3376 634 3450 superiorem,
664 3392 724 3455 qua
747 3371 993 3454 gynaeoonitides
1021 3375 1108 3432 aulae
1136 3374 1291 3453 adeuntur,

192 3458 296 3517 ambas
314 3469 379 3516 tam
398 3458 504 3535 longas
526 3475 618 3538 quam
630 3458 780 3538 templum
792 3460 902 3534 latum,
924 3459 1024 3537 larges
1035 3462 1145 3538 viginti
1156 3472 1222 3521 octo
1237 3483 1292 3543 pe-

193 3540 257 3603 des.
298 3543 412 3602 Paulus
434 3543 624 3605 Silentiarius
643 3554 722 3625 part.
736 3549 759 3611 2
773 3562 805 3605 v.
819 3547 840 3610 9
855 3563 1006 3604 marmore
1027 3543 1137 3625 grandi
1158 3558 1292 3609 eomun-

194 3638 256 3689 otas
273 3630 332 3688 ait:
580 3647 586 3655 ·

356 3707 526 3793 μηιιιόανός
542 3703 575 3776 δ’
593 3710 643 3777 tul
656 3716 737 3777 τοῖσι
749 3716 840 3777 notas
846 3754 939 3773 .......
958 3708 1065 3792 aalide,

358 3792 540 3877 ιλιχνόμινος
554 3794 739 3879 προσιόντας
751 3796 903 3881 temp...
916 3798 1088 3882 θυρέτροις,

358 3886 456 3963 μῆκος
471 3880 548 3963 ἔχων
559 3878 634 3948 ‘door
650 3875 738 3966 εὖρος
751 3877 904 3968 όνόιιτορα
916 3883 1046 3949 dioneia
1060 3886 1148 3965 νηοῦ.

195 3962 233 4025 de
246 3963 294 4027 his
307 3966 387 4029 binis
400 3969 563 4047 portioibus
578 3966 813 4031 occidentalibus
827 3970 870 4029 ita
882 3982 1036 4051 praeterea
1049 3970 1215 4051 Euagrius:
1237 3971 1292 4035 ελολ
1373 4005 1374 4010 ¹

194 4047 228 4115 dl
245 4049 321 4136 πρός
336 4046 484 4137 δυόμενον
495 4048 584 4139 ἥλιον
598 4052 756 4142 λιιιιριιιεῖς
767 4054 864 4139 &apos
877 4055 961 4123 οιοαλ
977 4051 1053 4136 delo,
1072 4055 1126 4122 ιιαλ
1139 4051 1291 4123 πόνιοθιν
1373 4049 1374 4074 ³
