2792 4709
383 224 439 292 ll)
464 220 746 293 montuosum
768 224 921 293 nomn
1132 226 1205 298 125

191 410 223 471 p.
242 387 285 456 4ss
305 409 337 449 v.
360 388 392 455 b·
434 386 469 455 έν
484 390 526 473 τῷ
546 384 721 473 καλουμένῳ
741 388 895 476 κυνηγίῳ]
925 390 1078 452 Miscellae
1102 404 1206 454 auctor

97 474 125 535 l.
143 478 187 541 20
201 476 353 535 νίνανίιιπι
368 478 559 535 animantum
570 476 782 554 interpretatus
796 487 852 535 est.
874 475 958 535 locus
970 478 1022 537 nbi
1035 480 1207 540 catabnlum

99 571 173 619 erat
189 572 219 620 et
235 563 367 621 ferarum
383 562 531 620 clausura.
574 558 645 619 vide
660 558 810 619 Godinum
826 563 859 619 iu
874 563 972 641 cpoli.

193 666 224 724 p·
238 647 279 711 63
294 666 324 705 v·
339 646 371 711 b.
398 641 474 709 κακοί
487 642 541 711 τθν
554 641 712 747 Δαροτριί]
734 646 887 705 Constant·
903 649 1034 705 Menan.
1048 646 1208 712 tota—3.

192 750 224 811 p·
239 730 280 795 54
290 752 320 790 v·
333 735 365 795 3.
394 735 504 795 τοῦτον
518 731 561 804 εἰς
574 754 632 811 την
645 730 848 811 καλουμένην]
869 729 1074 811 Theophanes
1088 731 1134 812 (p.
1143 731 1208 795 318

101 812 165 893 C):
187 813 240 879 καλ
255 810 397 897 λαβόντες
409 813 461 879 τίν
474 817 569 879 παῖδα
581 816 632 880 tat
650 812 685 881 τά
705 812 770 879 ίίνοο
788 820 851 878 τοῖν
865 820 1037 896 καλλινίκτγς
1051 834 1213 898 nuncupo-¹

100 904 181 985 τίρο,
212 901 266 959 ubi
282 902 350 961 fort.
363 904 426 981 leg.
440 904 638 967 Καλλινίκου.
682 903 821 960 Callinici
835 900 1052 961 videnturesse
1066 900 1108 967 40
1123 922 1209 961 mar-

101 996 200 1063 tyres,
222 1005 350 1067 quorum
363 990 396 1046 in
410 985 557 1047 honorem
569 988 710 1046 Tiberius
720 989 859 1045 Mauricii
873 1007 957 1046 socer
971 988 1118 1066 templum
1134 1008 1210 1045 con-

102 1070 196 1129 didit.
229 1072 440 1131 Constantinus
456 1075 608 1132 blanasses
620 1070 714 1136 3485.
746 1072 801 1132 scd
815 1083 845 1131 et
858 1074 892 1131 S.
907 1072 1046 1131 Callinici
1058 1073 1209 1151 templum

101 1157 197 1235 cpoli
214 1156 290 1232 fuit,
327 1156 409 1239 quod
431 1177 459 1217 a.
482 1160 640 1218 Iustiniani
662 1159 703 1220 31
725 1168 906 1217 terraemotu
929 1160 1056 1231 corruit,
1088 1168 1209 1215 auctore

101 1239 308 1322 Theophane.
351 1241 434 1325 quod
455 1242 495 1301 ad
514 1244 555 1307 40
573 1254 719 1323 martyres
742 1247 864 1320 attinet,
887 1240 1093 1301 emendandus
1112 1244 1209 1300 obiter

102 1328 234 1405 insignis
248 1327 331 1388 locus
343 1329 365 1387 l.
383 1332 400 1392 1
415 1330 624 1409 Geoponicon,
653 1328 706 1387 ubi
724 1326 834 1387 horum
851 1338 1020 1410 martyrum
1034 1330 1148 1386 mentio
1162 1327 1207 1401 fit,

103 1412 207 1491 quiin
218 1414 349 1491 vulgatis
364 1412 515 1475 codicibus
530 1412 692 1474 mendosus
708 1425 764 1473 est.
806 1407 930 1477 scissim
946 1412 989 1489 δέ,
1011 1414 1109 1494 inquit
1122 1432 1148 1471 c.
1167 1410 1207 1471 de

102 1498 310 1575 Prognosticis
328 1519 360 1578 p.
377 1500 413 1575 9,
443 1498 476 1562 ἐκ
496 1492 732 1580 πορατηρῆοεοίς
754 1496 833 1574 τινές
852 1516 966 1577 φασιν,
998 1492 1045 1561 ὅτι
1067 1491 1128 1559 sind
1150 1500 1207 1577 τῆς

104 1578 241 1664 ἑβδόμης
260 1586 317 1646 τοῦ
333 1584 476 1664 Μαρτίου
499 1580 594 1665 μηντίς
611 1582 666 1658 ἕως
680 1588 736 1664 τῆς
750 1578 788 1646 sd'
803 1578 898 1647 αάτοῦ
913 1579 1010 1664 ρηνὸς
1024 1582 1134 1645 sladen
1154 1580 1207 1644 έπλ

103 1662 143 1731 τά
157 1663 345 1750 ψυχρότερον
358 1666 521 1750 τρέπεσθαι
536 1666 555 1733 o‘
569 1662 645 1749 άήρ·
667 1661 735 1731 κατ’
751 1669 867 1743 έκείνας
878 1664 937 1751 γάρ
956 1665 1011 1743 τάς
1024 1664 1138 1751 ἡμέρας
1154 1665 1206 1729 καλ

106 1750 142 1815 ci
154 1744 260 1835 μύριοι
272 1747 420 1835 μάρτυρες
431 1759 495 1829 τοῖς
515 1760 663 1836 παγανοῑς
676 1752 900 1834 παραδοθέντες
917 1751 1068 1833 ἥθλτγσον.
1112 1754 1206 1810 corri-

105 1837 244 1917 gendum
256 1858 338 1915 vero,
352 1848 387 1896 ut
399 1841 431 1897 in
444 1836 560 1899 duobus
571 1860 618 1899 ms
631 1836 831 1898 bibliothecae
842 1840 996 1899 Illustriss.
1009 1836 1096 1896 Cerd.
1105 1840 1207 1897 Ioieu-

106 1942 161 1983 sae
180 1926 317 2027 repperi,
340 1924 373 1987 ci
383 1920 599 2007 τετταράκοντα
615 1918 763 2006 μάρτυρες
780 1931 843 1997 τοῖς
861 1918 972 2004 πάγοις
983 1922 1209 2004 παραδοθέντες

106 2006 328 2091 έμορτυριγσαν.
368 2028 440 2067 nam
459 2030 527 2069 curn
545 2034 577 2095 μ,
598 2006 658 2071 hoc
672 2020 718 2071 est
729 2008 782 2088 ¹10,
803 2011 1047 2091 scriptmnesset,
1068 2008 1208 2068 librarius

107 2094 236 2176 μυρίους
250 2113 314 2153 esse
328 2092 465 2153 credidit.

193 2176 235 2237 ib.
259 2198 291 2238 v.
311 2184 363 2244 10.
404 2176 477 2255 τούς
489 2176 522 2242 dl
536 2176 622 2267 ίυτῇ
635 2177 724 2266 ἕκτῃ]
747 2199 825 2239 anno
840 2181 937 2260 primo
951 2176 1114 2259 Philippici
1130 2180 1208 2237 Bar-

109 2259 197 2321 danis
223 2262 489 2347 pseudosynodum
513 2262 593 2323 hanc
614 2276 748 2324 coactam
767 2265 872 2326 scribit
890 2262 1112 2346 Theophanes,
1144 2284 1207 2324 non

110 2366 189 2407 armo
204 2348 345 2424 secumdo,
367 2361 401 2408 nt
415 2351 505 2429 vulgo
520 2347 751 2431 chronographi.

195 2432 236 2491 ib.
257 2454 287 2493 ν.
311 2439 361 2499 18.
407 2432 561 2517 Ιερμανὸν
573 2430 624 2498 τὸν
639 2435 790 2516 Κυζίκου]
810 2434 925 2496 falsum
937 2435 1061 2496 omnino
1077 2435 1206 2494 emotis·
1220 2443 1246 2497 P
1262 2446 1298 2498 8⁰

110 2519 222 2577 simum
236 2522 334 2579 virum
349 2522 532 2579 Germanum
549 2522 650 2601 Cyzici
671 2525 845 2602 episcopum
861 2520 932 2580 huic
948 2519 1064 2601 synodo
1077 2520 1210 2581 subscri-

109 2606 221 2681 psisse,
250 2609 306 2665 etsi
320 2605 401 2665 idam
421 2606 501 2686 apud
515 2605 737 2686 Theophanem
749 2608 861 2686 legitur
876 2608 921 2687 (p.
936 2612 999 2670 820
1013 2604 1065 2684 B).
1108 2609 1208 2664 verius

111 2691 251 2748 existimo
275 2692 457 2750 Germanum
482 2695 582 2772 ipsum
606 2691 678 2751 sede
700 2712 755 2753 sua
774 2694 913 2796 pulsnm,
943 2701 978 2750 ut
998 2710 1069 2749 cnm
1089 2690 1167 2770 cyro
1189 2710 1208 2748 a

110 2770 298 2854 Theophane
325 2779 499 2837 coniunctus
526 2781 585 2854 sit3
620 2776 676 2838 sed
696 2773 910 2843 οἷνακολουθον
930 2779 963 2836 in
984 2778 1118 2836 oratione
1136 2786 1208 2834 tunc

111 2860 176 2917 erit.

193 2965 225 3025 p·
240 2944 281 3015 55
295 2965 324 3004 V·
340 2950 370 3010 2.
415 2944 593 3021 Φιλιππικάς
608 2944 641 3009 δὲ
660 2946 829 3029 γενέθλιον]
851 2946 982 3006 difficilis
997 2944 1162 3005 admodum
1178 2956 1208 3003 et

111 3029 326 3090 inextricabilis
339 3028 414 3090 haec
426 3036 569 3112 temporis
584 3041 664 3107 nota,
686 3052 780 3113 quam
794 3032 832 3091 ad
847 3051 943 3091 unum
957 3029 1093 3090 historici
1104 3051 1207 3090 omnm

112 3114 254 3173 referunt.
297 3113 499 3195 Theophanes
516 3119 548 3175 in
566 3136 643 3176 anno
665 3121 685 3181 2
705 3116 868 3198 Philippici
889 3116 934 3197 (p.
951 3119 1014 3181 320
1029 3114 1122 3196 ima):
1145 3118 1208 3179 dre-

112 3203 182 3273 τοῦς
202 3194 310 3281 χρόνου
327 3206 383 3281 τῆς
404 3204 556 3281 βασιλείας
572 3205 760 3266 Φιλιππικοῦ
772 3204 806 3266 έν
818 3199 938 3277 τοάτοις
951 3197 1208 3284 παραδραμίντος,

112 3283 163 3347 καλ
179 3288 235 3347 τοῦ
252 3288 409 3368 γενεθλίου
424 3287 653 3367 ἐπιτελουμένου
667 3288 806 3365 ἱππικοῦ,
829 3288 995 3370 Πρατίνου
1008 3283 1209 3366 νικησάντων.

114 3368 195 3444 ἔδοξε
212 3374 255 3457 τῷ
269 3372 386 3451 βασιλεῖ
401 3377 444 3459 τῷ
458 3366 598 3457 σαββάτῳ
616 3377 669 3451 τῆς
686 3367 712 3436 ν’
730 3368 933 3456 καβαλλάριον
952 3368 1026 3454 μετά
1049 3375 1141 3454 δοχῆς
1158 3371 1211 3434 καί

113 3448 253 3536 ὀργάνων
273 3457 420 3519 εἰσελθεῖν
442 3458 494 3521 καί
516 3455 687 3521 λούσασθαι
710 3458 752 3533 είς
772 3454 809 3521 τά
829 3453 979 3541 δημόσιον
1002 3456 1130 3542 λουτρόν
1154 3462 1212 3521 τοῦ

116 3542 285 3615 Ζευξίππου
300 3552 356 3601 etc.
401 3546 551 3625 sequitur:
574 3539 658 3629 τῇδέ
677 3538 840 3626 ἐπαύριον,
861 3542 960 3627 ἤγουν
976 3548 1016 3629 τῇ
1034 3538 1076 3619 ν’,
1099 3561 1213 3626 σωρευ-

114 3622 220 3698 θέντος
243 3630 298 3688 τοῦ
317 3632 395 3689 λαοῦ
418 3632 461 3702 εἰς
480 3626 537 3709 τήν
558 3624 689 3711 μεγάλην
712 3624 872 3709 έκκλτγσίον
895 3628 1029 3707 έστέφθη
1050 3623 1211 3708 Ἀρτέμιος.

114 3726 183 3787 ergo
203 3710 326 3769 sabbato
348 3725 535 3792 pentecostes
558 3714 716 3795 γενέθλιον
733 3719 788 3794 τῆς
807 3709 935 3791 πόλεως,
957 3712 1040 3796 quod
1053 3717 1211 3794 perspicue

112 3792 296 3875 Nicephorns
314 3796 415 3856 tradit.
457 3803 490 3859 in
510 3801 682 3878 Menologic
696 3800 878 3859 Graecorum
893 3799 933 3859 ad
951 3804 987 3863 11
1008 3801 1082 3858 Maii
1092 3809 1212 3858 notatur

113 3871 145 3941 τί
161 3880 320 3961 γενέθλιον
332 3886 388 3960 τῆς
408 3880 761 3959 Καυσταντινουπίλεοις.
805 3895 923 3965 oportet
941 3885 1034 3963 igitur
1052 3884 1111 3945 hoc
1132 3903 1212 3942 anm

113 3976 303 4043 pentecosten
316 3968 348 4024 in
362 3970 435 4027 Maii
448 3970 650 4034 tetendisse.
693 3990 791 4029 annus
803 3990 822 4029 a
834 3973 992 4031 Fastorum
1007 3969 1211 4029 conditoribus

114 4048 220 4109 Christi
234 4054 295 4115 713
308 4055 464 4127 statuitur,
486 4056 552 4115 lud.
568 4062 618 4130 11,
641 4056 725 4135 cyclo
737 4058 829 4115 lunae
844 4058 895 4130 11,
917 4056 1001 4137 cyclo
1018 4058 1091 4115 solis
1107 4058 1212 4134 Cpoii-

115 4143 180 4193 tano
198 4140 256 4209 17;
285 4148 407 4218 epactae
420 4141 493 4199 solis
507 4144 545 4217 6,
576 4142 649 4199 luna
670 4140 724 4214 14,
747 4143 859 4221 Aprilis
877 4142 935 4218 16,
957 4159 1035 4221 quae
1051 4160 1121 4199 cum
1137 4161 1211 4199 οοιι-

115 4222 296 4281 currentibus
328 4222 380 4283 dat
408 4224 514 4287 leriam
540 4231 570 4293 7.
614 4224 683 4287 ideo
709 4226 853 4307 postridie
876 4229 916 4292 16
940 4224 1077 4288 eiusdem
1097 4228 1210 4288 mensis
