2792 4709
191 215 244 295 vs'
317 224 472 295 cauom
495 226 555 293 DU
577 225 742 297 FRESNE
764 224 924 296 nomm
946 226 1008 297 Dii
1032 226 1168 297 GANGE

188 402 222 456 et
236 392 298 455 suis
310 390 351 453 ad
361 394 525 455 Historiam
540 395 709 476 Augustam
725 394 804 456 uotis
821 392 1038 477 publicaverat.
1079 402 1112 455 et
1127 414 1201 455 saue
1218 392 1292 453 licet

191 524 303 597 quanta
325 514 416 575 fuerit
436 514 524 585 Pauli
542 514 708 575 Silentiarii
720 516 754 573 in
767 535 803 575 eo
817 512 968 575 cuibasdi
986 532 1097 595 genere
1109 515 1236 575 tanaitas
1249 532 1291 574 ex

61 650 63 657 ¹
190 634 274 709 aliis,
297 652 374 716 quae
395 634 458 692 iam
477 633 578 693 lucem
596 630 812 716 adspexerant,
832 634 987 717 opusculis
999 634 1068 716 plus
1081 636 1155 695 tatis
1165 642 1292 711 constet,

192 762 258 813 tum
282 750 360 813 illud
380 754 558 834 praesertim
579 750 788 836 quodltegiis
811 772 893 815 nnnc
915 756 999 837 typis
1015 772 1164 815 excusum
1179 750 1293 837 prodit,

190 872 384 953 praecipuam
406 874 516 937 mereri
535 870 659 938 laudem
677 872 798 935 videtur
816 892 853 934 ac
871 872 1182 952 commandationem,
1208 870 1295 957 quod

192 1002 312 1073 praeter
329 995 495 1053 carminum
511 990 693 1076 elegantiam
710 1003 879 1055 accuratam
890 996 1103 1077 Angustissimi
1116 996 1225 1079 tempii
1236 992 1295 1055 de·

193 1112 385 1193 scriptionem
406 1116 522 1197 vixque
545 1114 756 1176 oculatioribcs
775 1110 921 1178 bacteuus
939 1116 1123 1206 inmileuam
1138 1116 1227 1177 nobis
1242 1134 1295 1179 ra·

193 1242 374 1313 praesentet.
388 1229 423 1316 *)
465 1254 539 1295 nam
551 1236 759 1296 commentarii
771 1254 849 1318 qnos
863 1237 931 1297 aeri
941 1236 1092 1299 inferioris
1103 1236 1242 1297 Graeculi
1255 1233 1296 1295 da

195 1348 254 1411 bac
268 1350 343 1415 aede
355 1355 511 1435 scripsere,
533 1354 683 1417 sublestae
697 1354 772 1415 adeo
787 1364 859 1417 sum
871 1354 953 1435 fidei,
971 1356 1117 1437 nulloque
1128 1376 1191 1416 nou
1202 1352 1296 1416 modo

194 1470 304 1553 digesti
315 1470 430 1551 ordine,
452 1471 507 1533 sed
521 1474 613 1533 etiam
627 1476 782 1537 vocabulis
797 1475 933 1537 barbaris
946 1473 1093 1557 adspersi,
1107 1485 1142 1535 nt
1153 1472 1297 1537 divinan-

193 1590 251 1653 dae
265 1594 309 1653 rei
322 1594 423 1674 potius
435 1612 527 1676 quam
536 1594 748 1676 percipiendae
762 1596 865 1656 locum
876 1594 1050 1678 praebeant.
1092 1590 1173 1655 unde
1182 1596 1297 1655 mittun

192 1710 289 1772 rideri
310 1732 376 1775 nou
399 1711 506 1791 debet,
528 1714 556 1774 si
573 1716 627 1799 qui
644 1712 682 1775 de
705 1716 890 1777 Graecorum
909 1716 1032 1797 templis
1052 1725 1145 1797 atque
1162 1712 1239 1775 adeo
1256 1712 1297 1774 de

193 1829 348 1911 Sophiano
372 1853 537 1918 eorumque
558 1835 693 1915 partibus
717 1835 880 1916 scripsere,
907 1844 1027 1895 tantum
1050 1833 1130 1893 inter
1149 1853 1184 1893 ss
1204 1830 1298 1894 dissi-

193 1948 285 2009 deant
300 1952 350 2011 vel
366 1963 446 2013 certe
464 1954 588 2014 omnino
605 1972 668 2012 non
685 1954 881 2035 conveniant,
902 1974 972 2015 cum
987 1973 1049 2014 non
1066 1973 1114 2013 res
1129 1952 1229 2013 solum
1241 1950 1298 2014 sed

192 2092 233 2131 ne
246 2072 302 2133 aix
316 2072 408 2133 rerba
421 2070 546 2155 quidem
558 2071 624 2154 ipsa
640 2072 820 2155 percipiant.
861 2070 918 2135 sed
930 2094 1001 2135 ecca
1012 2073 1106 2134 tantis
1118 2074 1153 2133 in
1165 2071 1298 2155 t'ebris

192 2193 294 2251 facem
310 2192 438 2273 porrigit
459 2193 574 2254 Paulus
595 2192 803 2270 silentiarius,
826 2194 945 2253 utinam
967 2204 1013 2255 tot
1030 2193 1146 2253 lacunis
1162 2211 1225 2253 non
1241 2186 1300 2251 de·

193 2321 347 2393 turpatus3
371 2312 455 2373 cuius
470 2322 555 2374 tauto
568 2313 667 2374 maior
681 2308 940 2397 praestantidrque
954 2310 1051 2373 videri
1065 2310 1154 2372 debet
1167 2310 1300 2371 anctori-

193 2442 256 2510 tus,
278 2452 339 2515 quo
364 2433 538 2493 accuratiori
564 2432 682 2495 calaum
703 2434 878 2493 universam
892 2431 1080 2493 celeberrimi
1094 2431 1231 2513 tempiia
1244 2432 1299 2489 lu-

194 2554 326 2614 stiniano
339 2573 395 2615 sua
405 2564 584 2635 tempestate
598 2554 724 2615 excitati
735 2562 915 2615 structuram
925 2552 1076 2653 describit.
1106 2548 1301 2611 floruitenim
1391 2533 1392 2540 ἵ

197 2692 234 2733 eo
256 2674 424 2754 imperante
445 2692 507 2732 nou
527 2674 647 2753 poetica
667 2672 815 2735 duntaxat
834 2686 865 2735 et
884 2675 1014 2734 oratoria
1027 2668 1119 2731 laude
1134 2678 1231 2731 aetate
1243 2688 1301 2729 sua
1391 2705 1392 2718 κ

195 2791 288 2871 longe
305 2792 505 2869 clarissimus,
526 2790 582 2851 sed
596 2800 627 2852 et
644 2792 794 2851 natalium
806 2789 967 2871 splendore
981 2790 1147 2872 opibusque
1160 2800 1191 2849 et
1201 2786 1301 2849 bono-

196 2910 280 2972 ribus
310 2910 501 2991 couspicuus.
542 2910 639 2972 Paulo
662 2920 823 2993 parentem
847 2910 941 2970 iuism
967 2910 1082 2992 (tyrum
1101 2904 1190 2968 docet
1208 2904 1301 2969 boias

195 3031 339 3091 carminis
357 3032 479 3110 titulus,
509 3030 563 3115 qui
585 3027 711 3115 quidem
733 3048 797 3090 uon
814 3030 893 3089 alius
911 3025 988 3089 mibi
1007 3026 1127 3089 ridetur
1144 3026 1184 3087 ab
1197 3048 1234 3089 eo
1247 3028 1301 3109 qui

197 3144 261 3217 eisd
275 3145 402 3215 taetrae
418 3171 473 3211 seu
491 3150 596 3211 consui
610 3148 791 3211 codicillaris
804 3150 940 3227 exstitit,
961 3150 1048 3211 cuius
1062 3148 1136 3209 bine
1152 3144 1302 3208 habentur

197 3273 412 3353 epigrammata
432 3272 465 3330 in
485 3268 670 3352 Anffiologia
686 3270 740 3332 Gr.
753 3267 811 3337 Η
825 3290 853 3329 c.
864 3272 905 3336 23
920 3278 952 3330 et
963 3268 1022 3346 27,
1042 3268 1173 3329 alterum
1190 3268 1223 3327 iu
1242 3264 1303 3325 do-

195 3374 283 3451 mum
294 3411 312 3451 a
325 3392 495 3452 Maximino
510 3392 596 3473 cpoli
608 3401 809 3469 exstructam,
830 3388 960 3450 alterum
972 3388 1006 3449 in
1017 3399 1149 3451 statuam
1158 3382 1303 3459 Pindarl;
1389 3397 1390 3400 ’

197 3496 274 3573 adeo
287 3523 321 3572 ut
333 3510 465 3571 Paulum
480 3531 498 3570 a
512 3522 637 3593 parente
651 3530 740 3574 suam
751 3512 785 3571 iu
799 3505 963 3595 recepturis·
974 3509 1208 3593 propensionem
1222 3502 1302 3565 hau-

195 3634 271 3694 sisse
288 3652 345 3713 par
364 3632 405 3692 sit
424 3628 557 3693 credere.
598 3632 738 3691 meminit
754 3633 847 3691 etiam
862 3634 1028 3715 Procopius
1043 3630 1067 3690 l.
1081 3632 1103 3694 2
1119 3622 1303 3689 Vandalico-

198 3774 267 3813 rum
289 3754 360 3833 Cyri
385 3748 560 3828 caa‘sssdam,
582 3753 637 3835 qui
657 3752 737 3813 forte
754 3750 840 3812 idem
862 3752 954 3811 inerit
978 3768 1049 3810 cum
1067 3746 1228 3808 consolari.
1270 3752 1302 3802 at

197 3870 282 3955 quod
299 3866 444 3951 Agathino
466 3868 505 3931 de
523 3872 621 3933 Paulo
642 3872 777 3934 scribens
801 3868 879 3933 baec
902 3866 1020 3947 subdit,
1050 3860 1244 3950 dsaieyiodss
1263 3858 1303 3925 sd
1388 3875 1389 3950 J

200 3985 318 4077 Παύλῳ
334 3983 441 4073 Kaipou
455 3994 513 4055 τοῦ
526 3983 655 4075 Φλῶρου
673 3988 710 4060 iv
731 3990 903 4078 ἑξαμέτροις
922 3985 1135 4073 smmpto«,
1152 3986 1197 4047 sic
1215 3982 1303 4065 dige-

269 4246 303 4317 ·>
337 4218 872 4321 er.sg·mep.uemsaas0u.
