2792 4709
364 207 618 279 DESCRIPTIO
642 210 677 278 S.
701 210 892 281 tortilia.
1108 212 1179 287 135

71 384 183 435 antem
194 374 359 435 notarium
372 373 493 454 ingredi
505 374 567 435 illis
581 374 696 451 liceret,
719 372 975 457 quemadmodum
989 374 1178 437 subdiaconis

72 460 187 520 eadem
199 463 329 521 bematis
342 464 457 540 spatia3
486 480 556 519 cum
575 460 750 520 subdiaconi
770 474 801 521 et
813 464 938 521 lectores
952 466 984 521 in
995 464 1077 521 solea
1091 474 1195 523 extra'

71 548 208 605 bematis
227 547 377 605 cancellos
395 546 609 621 consisterent,
637 557 672 604 nt
690 544 779 607 docet
794 546 877 606 idem
889 546 1178 607 Thessalonicensis.

71 642 169 711 atque
189 630 263 691 inde
283 631 436 709 colligitur
450 630 526 711 quid
546 640 658 691 stabnt
673 650 775 691 canon
787 634 829 697 21
850 632 958 711 synodi
979 630 1177 707 Laodiocuae,

71 715 151 775 duna
167 719 210 775 ait
222 736 283 775 uon
297 719 388 777 licere
401 716 592 777 subdiaconis
603 718 682 776 intra
695 718 824 777 bematis
838 718 985 779 cancellos
1000 720 1177 779 consistere:

52 797 114 865 'ori
131 802 184 863 δεῖ
195 798 349 883 ὑπηρέτας
361 794 465 882 χώραν
480 800 558 881 ἔχειν
571 798 605 864 ἐν
617 805 661 886 τῷ
672 802 849 886 οιακονικῷε
872 801 904 861 id
919 805 1000 861 enim
1019 804 1091 863 solis
1110 801 1179 861 dia·

72 888 162 945 conis
178 887 298 945 licebat.
340 888 383 944 ita
405 906 495 965 porro
516 884 597 945 hunc
618 904 765 947 canonem
784 887 963 966 capiendum
981 908 1036 967 per
1049 898 1096 946 est
1111 907 1179 947 cra—

72 970 167 1045 dere,
194 974 253 1031 etsi
264 972 427 1031 adremon
443 980 475 1029 et
492 974 626 1030 zonam
647 970 834 1033 diaconicum
858 970 896 1031 de
916 992 1040 1033 utuncre
1060 972 1180 1033 diacctai

71 1058 268 1135 interpretati
283 1059 353 1116 sint.
395 1057 489 1135 priori
504 1075 578 1117 sane
589 1058 755 1117 sententiae
773 1058 855 1119 favet
875 1057 1006 1119 Isidorus
1022 1060 1179 1133 Mercator,

72 1143 130 1222 qni
156 1139 328 1204 διακονικὸν
349 1143 540 1201 mnarum
560 1144 667 1203 vertit:
705 1144 895 1204 secretarium
904 1185 916 1213 ,
947 1144 1064 1223 inquit,
1101 1143 1183 1221 quad

78 1228 197 1285 Graeci
210 1227 401 1285 domincum
413 1237 536 1300 νοοαιιές
558 1244 636 1307 quae
647 1225 775 1287 totidem
788 1228 887 1288 verbis
898 1226 1047 1287 habentur
1058 1230 1091 1287 in
1104 1248 1179 1287 can-

73 1312 151 1371 cilio
167 1309 336 1395 ligathensi
350 1330 416 1369 can.
431 1316 484 1377 66.
505 1316 549 1370 ita
565 1322 599 1370 ot
613 1331 669 1392 per
681 1316 872 1371 secretarium
892 1311 1071 1373 conchulam
1086 1313 1179 1371 intel·

74 1398 201 1470 lexerit,
223 1416 315 1477 quarn
330 1398 438 1455 Graeci
453 1397 644 1455 moinum
655 1410 847 1477 noncupant,
871 1417 949 1478 quoa
965 1417 983 1456 a
999 1396 1131 1459 diaconis
1146 1400 1181 1455 in

76 1502 116 1541 ea
131 1482 371 1541 ministrantibus
385 1500 497 1542 nomen
516 1485 661 1561 sumpsit,
694 1486 740 1541 nti
758 1484 991 1543 observavimus.
1033 1502 1106 1541 nam
1126 1484 1202 1541 nixu

76 1578 126 1625 est
138 1568 241 1626 simile
255 1587 327 1626 sero
342 1566 532 1625 diaconicum
541 1586 597 1646 pro
611 1565 723 1626 exedra
737 1580 821 1627 extra
835 1566 943 1627 aedem
957 1572 999 1629 ita
1009 1578 1182 1646 nuncupata

75 1654 163 1712 sumi
178 1651 299 1729 debere,
321 1672 393 1721 curn
404 1654 477 1710 etin
493 1671 529 1711 ea
544 1651 699 1733 quibusvis
712 1654 853 1711 ecclesiae
865 1656 1009 1712 ministris
1021 1656 1183 1713 consistere

76 1740 127 1796 fas
141 1748 231 1811 essct,
252 1748 282 1795 at
298 1756 339 1795 ex
353 1757 388 1795 ee
403 1738 504 1796 clerici
520 1756 625 1797 onmes
640 1735 786 1795 adultere
801 1737 1004 1816 procederent.
1033 1742 1096 1797 iarn
1110 1758 1182 1797 vero

78 1821 168 1904 qnod
180 1825 213 1880 in
225 1823 356 1881 concilio
368 1824 538 1882 Arelatensi
555 1842 581 1880 ιι
600 1823 657 1881 sub
672 1824 780 1882 Sirioio
795 1825 846 1881 PP
861 1842 927 1881 can.
942 1823 982 1888 15
1002 1822 1124 1881 diaconi
1135 1842 1183 1881 aa·

77 1910 152 1966 dare
170 1909 248 1965 ιἰιαεν
262 1906 450 1986 presbyterua
468 1910 502 1966 ιἰι
520 1910 676 1966 sacrm
691 1916 845 1984 vetantur,
873 1908 907 1966 id
920 1908 1039 1966 videtur
1051 1908 1182 1986 intelligi

78 2004 135 2052 ent
151 1990 191 2050 da
207 1995 315 2051 maiori
330 1992 501 2068 diaconico,
522 1996 682 2051 secretario
695 1995 745 2052 vel
761 1996 917 2069 vestiario,
940 1996 972 2050 iu
987 1992 1070 2073 quod
1081 2013 1182 2052 sacer-

79 2077 170 2137 dotes
183 2077 235 2136 vel
249 2080 397 2136 antistites
410 2076 447 2136 de
461 2078 551 2137 rebus
568 2080 777 2137 ecclesiasticis
790 2077 981 2137 deliberaturi
993 2078 1182 2153 secedebant,

79 2174 112 2221 et
124 2173 162 2221 ut
172 2164 274 2221 verbis
287 2172 356 2221 utar
368 2164 495 2241 Sulpicii
507 2163 627 2239 Severi,
655 2182 725 2221 cum
737 2162 787 2221 ved
796 2162 1032 2222 salutationibus
1041 2174 1185 2223 vocantes

77 2249 133 2308 val
154 2248 315 2306 ααᾰὼιιᾶιζι
335 2247 586 2328 mgocutonibuo
606 2252 746 2325 occupati
772 2251 805 2306 iu
832 2268 867 2307 eo
891 2247 1101 2322 considebant3
1132 2250 1184 2306 sel

78 2336 184 2413 potius
196 2332 236 2391 de
249 2336 360 2393 minori
373 2331 537 2407 diaconico,
557 2331 591 2391 id
604 2344 650 2392 est
662 2332 818 2407 conchula,
840 2352 932 2413 quam
944 2330 1116 2397 διακονικὸν
1127 2352 1185 2391 vo-

81 2430 154 2478 cant
160 2421 279 2477 Graeci.
299 2422 334 2477 in
343 2416 402 2476 hoc
414 2420 496 2477 enim
503 2418 661 2477 diaconico
667 2416 789 2498 qnando
798 2416 967 2477 sacerdotes
982 2436 1065 2476 secra
1077 2418 1186 2475 lecturi

79 2507 115 2563 in
140 2524 178 2564 eo
202 2523 301 2564 sanas
322 2515 420 2563 vestes
440 2501 640 2563 induunt'aut
659 2504 718 2560 alia
737 2520 814 2583 quae
836 2500 874 2559 nd
894 2520 1010 2561 sacram
1031 2504 1186 2580 liturgiam

81 2598 223 2734 {pectant
236 2600 462 2734 endseebtpnontur(³
481 2608 550 2647 com
564 2588 678 2730 iidr’boob
692 2589 892 2646 reverentiam
905 2604 996 2669 quam
1007 2585 1185 2647 sacerdotali

124 2679 252 2735 anacteti
325 2685 386 2749 ent,
408 2693 440 2734 se
464 2690 578 2752 creprc
602 2676 609 2689 '
649 2683 731 2731 ntur.

168 2761 223 2822 69.
263 2758 315 2819 Ad
330 2770 490 2840 utrumqne
509 2759 639 2817 bematis
658 2758 738 2817 latus
756 2767 896 2839 quattuor
910 2766 1063 2837 praeterea
1078 2774 1187 2816 exsur-

82 2856 162 2926 gunt
174 2846 253 2905 aliae
266 2843 414 2920 conchae,
444 2846 532 2903 binae
552 2844 667 2902 scilicet
687 2846 720 2900 in
742 2854 869 2924 utroque
889 2845 969 2901 muri
989 2862 1043 2901 seu
1063 2844 1187 2922 parietis

81 2933 191 3008 latere,
212 2949 287 3012 quas
299 2950 404 2990 versus
419 2929 606 2990 occidentem
621 2926 764 3009 progredi
780 2930 821 2987 ait
834 2929 1034 2988 silentiarius.
1067 2938 1187 2988 susten-

82 3028 167 3075 tatur
186 3027 289 3075 autam
311 3017 435 3075 illarum
459 3032 658 3095 unaquaeque
685 3013 765 3072 binis
794 3015 942 3072 columnis
969 3010 1185 3091 porphyreticis
1202 3024 1226 3079 Ρ
1242 3021 1295 3081 582

83 3104 255 3182 Aegyptiis,
267 3120 352 3183 ¹queo
366 3104 518 3160 Romanas
529 3110 647 3174 vocant,
662 3108 693 3157 ct
705 3116 723 3155 a
737 3098 865 3156 muliere
883 3096 984 3171 vidua,
1006 3100 1118 3155 Marcia
1130 3116 1188 3157 no-

83 3179 1188 3263 miae,RemaadlastinianuntransmissasscripsitPlutarcbuseiusdem
1265 3188 1267 3191 '

84 3274 247 3333 Iustiniani
257 3272 531 3351 protosecretarius.
567 3289 608 3328 ex
620 3269 731 3349 quibus
743 3266 867 3327 undena
881 3265 1024 3326 docemur
1036 3286 1113 3349 quae
1128 3270 1188 3327 sint

86 3368 231 3441 quattuor
247 3359 319 3416 illae
333 3354 466 3416 coucbae
479 3352 567 3414 aedis
577 3352 767 3434 Sopbiam,
797 3370 925 3435 quarum
937 3354 1076 3411 merninit
1095 3351 1188 3413 eodi-

85 3462 162 3503 nus:
182 3446 247 3505 sais
259 3438 428 3525 dlassasis
441 3438 652 3520 ὖψοιθὲνιων,
683 3436 737 3501 καὶ
755 3442 817 3501 sois
834 3434 1098 3519 ριογοὶλωνκιόνων
1116 3456 1188 3501 osu-

86 3528 219 3602 abaco,
241 3525 363 3607 ἔμελλον
382 3520 575 3608 pss’csitcia
595 3524 650 3588 stol
667 3519 741 3597 rosio
759 3522 925 3603 Ῥωμαίους
942 3522 1048 3597 κίονας
1062 3526 1187 3603 στῆσαι·

86 3608 155 3678 dll’
168 3607 381 3689 cinnum,
411 3604 480 3673 itt’
493 3609 621 3690 iocosae
634 3601 747 3681 odanda
761 3608 804 3681 ric
817 3607 959 3689 τέσσαρας
972 3602 1092 3691 κόγχας.
1135 3606 1190 3667 sed

87 3699 127 3761 de
140 3699 363 3783 qnattnoristis
377 3694 503 3756 wncbis
515 3692 880 3755 audiendnsSilentiarius
896 3702 974 3771 part.
992 3696 1008 3756 1
1023 3714 1053 3757 v.
1068 3696 1146 3761 239:

654 3774 713 3842 tio
728 3772 759 3841 δ’
773 3776 804 3853 ἔς
816 3780 921 3852 κίονας
934 3772 1025 3853 ἄλλος

215 3862 328 3949 cinca
340 3860 541 3949 doposipcbs
551 3858 750 3948 noodsillssm
763 3860 794 3937 ἒς
808 3857 898 3927 io‘sw
913 3860 1025 3945 inrisas,

216 3947 308 4017 αῑᾶιιε
341 3946 528 4015 usadwora
542 3941 1004 4034 περιγναρφθὲνιαςιῖροσιοός,

216 4034 295 4103 λαὸν
307 3974 393 4111 dnae
402 4029 582 4117 πολύυμνον
595 4034 658 4109 ἑοῖς
672 4028 853 4116 inlocum
866 4033 972 4109 chose.

214 4123 270 4187 καὶ
280 4117 336 4198 sie
351 4119 408 4204 pir
420 4118 592 4203 χρυσέοισιν
602 4119 797 4200 ἕλαφρίζοναι
809 4114 957 4199 καρήνοις

216 4206 330 4275 comt
347 4204 568 4294 νιρρνρνοιαιν
584 4198 815 4288 ἀποστίλβοντος
830 4196 943 4277 inituro
