2792 4709
198 114 272 189 118
446 112 657 199 Qumcms
680 110 728 181 ut
752 110 1056 182 EXPEDITIONIS

196 280 364 365 voe-tyto
370 276 594 367 κρόςὲωάραν,
605 300 643 343 eo
655 279 740 365 quod
752 283 811 362 ipsi
823 282 884 342 lete
895 282 1051 361 perreguti
1064 280 1130 341 iem
1144 278 1190 339 ed
1201 284 1316 341 lenm

197 368 405 429 consederent.

281 458 356 520 819.
397 450 604 532 Theophanes
615 474 652 532 p.
670 450 734 519 256
747 452 839 513 refert
854 452 1029 511 Heraclium
1039 448 1172 511 rediisse
1188 452 1316 532 Byzan-

197 542 275 600 tium
291 559 370 599 anno
387 550 548 620 postquam
566 538 639 598 inde
660 550 762 598 contre
777 542 885 597 Perses
901 537 1096 597 dimicaturus
1114 536 1314 601 discesserat.

197 623 254 686 sed
268 644 390 683 causam
402 628 517 683 reticet.
537 624 905 705 Nicephoruscpolitenus
914 636 1014 683 autem
1028 625 1133 682 omnia
1148 644 1316 703 perperam

197 709 386 770 confundem
402 709 440 769 de
453 708 511 769 hec
521 713 621 790 prime
633 708 829 790 expeditione
840 711 972 769 Heraclii
987 710 1105 767 nullam
1118 713 1316 768 mentionem

197 796 282 855 facit.
324 794 400 855 haec
419 806 522 855 tamen
542 806 628 855 erent
647 795 754 854 sedulo
774 793 925 872 notanda,
953 816 992 853 ne
1007 813 1068 877 que
1081 798 1223 854 oriretur
1237 795 1316 853 diffi-

198 882 306 940 cultae.
348 884 533 961 petet'enim
553 900 594 941 ex
610 881 714 940 Pisida
736 879 910 940 Heraclium
932 900 1011 940 enno
1036 882 1163 960 imperii
1188 884 1244 939 sui
1267 885 1316 954 13,

199 964 312 1026 christi
332 970 395 1032 623
416 988 459 1025 ex
474 970 618 1027 Armenia
639 971 673 1026 in
690 964 855 1027 Threciam
874 986 1044 1039 reversum,
1073 977 1109 1025 ut
1121 964 1316 1043 foedifragus

144 1047 147 1056 ’
199 1054 316 1111 Abaree
331 1054 525 1131 reprimeret,
553 1072 589 1113 ao
604 1054 700 1113 tribue
717 1063 786 1132 post
800 1054 886 1110 ennio
902 1072 972 1111 oum
984 1050 1079 1109 iidem
1091 1052 1219 1111 Abares
1238 1054 1316 1129 cpo-

201 1139 259 1198 tim
274 1136 403 1217 diripere
418 1150 510 1219 atque
526 1150 660 1199 evertere
673 1140 773 1197 moliti
787 1148 873 1213 suut,
894 1139 927 1197 in
941 1134 1064 1197 Perside
1079 1138 1253 1197 Heraclius
1264 1136 1316 1193 de-

203 1224 304 1303 gebat.
345 1221 417 1282 ride
430 1224 468 1283 de
482 1222 560 1283 bello
573 1225 675 1283 Avar-
689 1223 751 1288 246
767 1235 796 1281 et
805 1244 888 1303 seqq.

288 1307 362 1375 324.
406 1308 504 1369 codex
518 1308 570 1369 hic
581 1308 673 1369 hebet
687 1310 882 1383 versiculum,
909 1309 963 1388 qui
977 1306 1126 1387 legendus
1140 1326 1225 1365 mox
1236 1308 1317 1366 venit

204 1396 261 1455 sub
279 1414 405 1453 numero
420 1397 500 1460 328:
527 1392 607 1459 cieo
625 1392 660 1460 sd
673 1390 787 1459 πιστόν.
829 1412 884 1455 noe
903 1403 1047 1475 tanquam
1068 1389 1229 1477 περισσδν
1248 1396 1318 1451 reii-

206 1478 349 1539 oiendum
360 1501 425 1541 cese
438 1485 621 1560 putarimus.

291 1568 365 1631 886.
407 1563 612 1647 Theophanes
625 1566 700 1626 ibid.
725 1562 742 1629 ὅ
761 1560 794 1630 dl
813 1561 954 1647 βασιλεῦς
970 1560 1025 1629 ede
1045 1559 1181 1645 ospccc'e·
1200 1560 1263 1627 miv
1282 1567 1319 1647 cpi

205 1655 361 1735 στρατηγῷ
373 1650 546 1718 καταλιπών
559 1654 604 1729 εἰς
614 1647 773 1734 Ἀρμενίαν
789 1646 1018 1733 παραχειμάσαι,
1032 1644 1127 1725 caluit
1138 1650 1189 1726 ele
1202 1644 1319 1724 Βυζάν-

203 1760 272 1803 τιον
282 1734 480 1818 dolorosum.

292 1823 364 1888 340.
407 1842 498 1903 saepe
528 1824 562 1881 in
592 1823 802 1883 ecclesiasticis
831 1824 1000 1883 auctoribus
1029 1822 1161 1881 occurrit
1191 1822 1317 1881 verbim

201 1903 449 2051 'peccetimtqlpio
460 1912 524 1968 rita
536 1906 576 1967 ad
583 1907 770 2055 chrotiplneg
783 1910 1212 2054 virtutipponnlporpfflmta
1223 1910 1317 1987 signi-

228 2006 328 2069 catur,
354 2014 376 2052 u
435 1998 495 2053 oin
507 2005 621 2053 nostro.
663 2000 695 2055 vi
718 2016 733 2055 e
772 1998 864 2056 uiceri
930 2014 969 2053 es.
1098 1996 1105 2008 '
1140 2004 1165 2049 t.

292 2076 367 2143 848.
412 2080 516 2139 confer
528 2101 624 2159 supra
636 2100 666 2139 ν.
686 2084 749 2146 182
764 2092 793 2138 et
804 2102 886 2161 seqq.
904 2078 941 2139 de
957 2078 1061 2139 Pisida
1076 2079 1212 2137 inbelle
1223 2080 1319 2139 corni-

205 2173 290 2223 tante
305 2166 494 2243 Heraclimn,
522 2186 655 2248 quocum
674 2167 772 2227 multa
792 2168 1013 2242 funilieritate,
1034 2174 1068 2223 ut
1079 2162 1224 2241 videtur,
1249 2184 1319 2223 cou-

205 2252 325 2311 iuuctue
338 2251 409 2311 tuit.

293 2335 368 2401 849.
412 2334 488 2419 quid
514 2334 599 2397 hisce
622 2338 733 2400 iembis
759 2340 834 2398 velit
855 2336 976 2413 Flsida,
1015 2357 1078 2397 non
1106 2336 1185 2396 eatis
1209 2336 1316 2417 liquet.

207 2441 333 2497 verum,
361 2425 396 2482 ni
408 2425 515 2498 fallor,
541 2422 594 2483 hio
607 2424 725 2485 adludit
742 2422 781 2484 ed
793 2426 1025 2485 severianorum
1036 2420 1214 2498 haeresim,
1241 2440 1317 2501 quae

208 2518 256 2567 tot
264 2508 367 2567 turbes
382 2511 524 2567 excitavit
537 2510 571 2567 iu
586 2513 706 2570 Oriente
725 2522 755 2569 et
770 2512 908 2570 Heraclio
927 2513 1094 2589 imperante
1110 2506 1218 2567 adhuc
1233 2512 1317 2585 rige-

208 2593 274 2651 bat.
313 2591 423 2653 idcireo
438 2605 541 2653 autem
554 2592 627 2654 dicit
646 2617 712 2656 esee
729 2594 846 2656 dete'cta
859 2600 1003 2677 mysteria
1017 2598 1207 2676 iniquitatis,
1238 2590 1318 2674 quod
1354 2634 1355 2673 ,

210 2678 385 2753 Heraclius,
407 2687 442 2737 ut
454 2681 576 2758 opinor,
601 2678 659 2741 hoc
672 2685 771 2761 primo
783 2685 817 2740 in
831 2685 952 2742 Oriente
965 2684 1072 2741 itinere
1087 2691 1196 2759 aperte
1210 2678 1317 2759 depre-
1354 2678 1355 2751 i

211 2760 320 2822 hendit
346 2784 460 2823 errores
488 2766 565 2823 circa
584 2768 761 2846 religionem
782 2770 862 2827 inter
880 2766 1064 2827 Christianos
1086 2764 1316 2825 disseminent
1354 2756 1355 2785 l

211 2849 329 2925 Persis,
353 2861 388 2908 ut
400 2852 529 2909 Romani
541 2852 621 2911 inter
632 2873 664 2913 se
677 2852 886 2913 dissentientes
900 2871 1015 2913 norum
1026 2852 1168 2911 Heraclio
1186 2852 1317 2931 facesse-

212 2946 280 2995 rent
290 2938 457 3016 negotium,
473 2947 504 2995 et
515 2939 686 2999 Romanum
698 2941 861 3019 imperium
872 2958 935 2998 non
946 2950 1065 2997 tantum
1079 2940 1220 2997 externis
1230 2955 1316 3019 quem

210 3022 340 3082 internis
360 3034 548 3103 premeretur
567 3022 780 3085 incommodis.
822 3023 906 3107 quod
925 3043 997 3085 sane
1013 3024 1046 3082 fit
1062 3024 1268 3083 mmiteetum
1282 3039 1317 3079 ex

209 3124 241 3166 v·
253 3109 296 3172 86
310 3119 339 3165 et
350 3129 432 3188 seqq.
451 3130 552 3188 poem
571 3122 676 3170 ocntm
692 3111 836 3169 Serenam
843 3134 857 3185 ,-
881 3110 935 3170 ubi
956 3111 1044 3191 plura
1059 3109 1150 3169 nobis
1165 3120 1258 3169 errmt
1273 3107 1316 3165 di-

210 3190 308 3249 cenda
322 3190 360 3251 de
373 3192 432 3252 hoc
442 3196 538 3273 impio
549 3194 770 3255 haeresiarche.
1354 3190 1355 3265 l

297 3278 372 3341 851.
414 3280 578 3357 multiplex
590 3283 735 3341 errorrel
746 3278 844 3362 hydra
854 3292 918 3340 erat
930 3278 1064 3342 haeresis
1075 3282 1221 3355 Manetis,
1244 3298 1318 3362 quae

212 3378 254 3419 ex
273 3362 435 3420 Pereanun
458 3361 662 3425 deliramentis
691 3377 756 3426 orte
783 3378 814 3425 et
833 3367 894 3425 lete
913 3380 1079 3448 propagata
1096 3370 1199 3427 varios
1223 3364 1317 3425 induit

211 3455 350 3526 aspectus
363 3448 419 3506 sub
432 3449 553 3508 Menete
566 3453 700 3530 primum
715 3454 799 3532 ipso,
821 3450 931 3511 deinde
945 3456 1000 3513 rub
1018 3452 1174 3535 Eutyche,
1195 3450 1317 3511 demrm

211 3532 268 3591 eub
283 3532 395 3591 Severo
410 3543 441 3593 et
454 3535 522 3595 aliie
534 3537 701 3596 innumeris
717 3536 882 3597 eorundem
896 3540 1029 3599 asseclis.
1073 3551 1201 3599 senune
1218 3536 1317 3597 Piside

211 3614 292 3677 hene
304 3615 434 3698 hydram
446 3640 541 3681 unam
552 3632 671 3681 tantum
684 3624 727 3682 ait
736 3623 915 3704 protendere
927 3628 1084 3701 cervicem,
1106 3626 1226 3685 scilicet
1239 3644 1318 3684 erro-

210 3722 277 3762 rem
290 3703 583 3785 Monophyeitarum,
605 3706 739 3769 Choeroa
751 3712 830 3769 vires
845 3722 876 3770 et
888 3716 1024 3771 animum
1037 3710 1267 3792 suppeditante.
1354 3764 1355 3769 ,

297 3790 372 3855 858.
414 3789 486 3850 hino
505 3794 625 3853 videtur
641 3816 731 3875 posse
754 3798 861 3855 coniici
873 3799 1047 3857 Heraclium
1058 3800 1092 3856 in
1104 3798 1256 3857 Annenia
1271 3794 1317 3854 de·
1354 3790 1355 3843 l

211 3884 336 3952 gentem
349 3894 419 3935 omn
432 3878 535 3960 aliquo
545 3877 667 3939 doctore
677 3879 892 3961 Monophyeita
907 3902 1008 3943 eorem
1018 3880 1122 3943 Pisida
1134 3880 1316 3963 disputasse
1354 3844 1355 3925 1

214 3977 251 4016 ec
262 3972 421 4039 propterea
428 3962 565 4023 Pisidam
578 3964 677 4024 dicere
691 3986 725 4025 se
737 3966 910 4047 mirarihoc
923 3966 1039 4047 hydrae
1050 3970 1164 4029 collum
1175 3988 1243 4027 non
1258 3984 1316 4025 esse

213 4056 388 4123 exsectum,
415 4060 576 4131 postquam
589 4054 624 4109 in
636 4052 815 4127 Herculem,
843 4050 876 4111 id
890 4064 935 4112 eet
948 4056 1140 4130 Heraclium,
1161 4052 1316 4112 incideret.

214 4124 298 4189 hunc
315 4144 419 4193 autem
439 4133 593 4197 doctorem
608 4136 704 4198 fuisse
719 4138 862 4197 Paullum
876 4126 1085 4217 Severianum,
1107 4158 1243 4223 quouun
1259 4140 1316 4198 lie·
