2792 4709
409 203 663 275 DESCRIPTIO
687 204 723 273 8.
747 204 938 275 sortitu.
1151 204 1222 279 111

114 374 210 451 bunt,
230 381 265 431 ut
277 371 331 453 qui
345 390 379 430 se
393 371 492 450 ipsam
507 368 615 429 sedem
629 371 729 429 subire
743 368 885 449 indignos
905 382 1073 431 censerent.
1116 384 1231 453 utnon-¹

116 480 179 541 que
192 478 226 518 se
241 476 290 516 res
306 455 432 532 babent,
453 453 532 513 illud
546 458 639 514 etiem
652 473 671 513 u
682 474 754 515 cero
770 452 852 515 baud
867 458 970 536 procul
989 466 1049 531 est,
1072 460 1153 537 ipsos
1172 480 1227 539 pe·

116 546 306 623 regrinsutes
328 552 398 601 rota
420 560 474 601 suu
498 542 665 601 exsolvisse
686 544 718 598 in
740 540 864 599 bematis
886 542 1040 601 liminibus
1057 562 1111 601 seu
1124 547 1227 622 soleis,

115 648 198 711 quse
220 628 377 686 liminaria
401 624 541 685 dicuutur
558 629 717 685 Anastasio
733 628 764 683 in
782 628 815 685 S.
834 626 985 687 Hadriano
1003 646 1080 707 popa
1098 648 1129 709 Ρ.
1147 632 1225 693 1172

110 716 190 794 pari
210 714 298 772 modo
326 723 356 769 et
379 714 529 791 irrepsisse
553 712 681 790 apostoli
705 712 898 791 confictionis
930 713 1068 773 liminari
1092 714 1229 793 inferiori

114 800 174 859 lib.
190 799 244 865 25.
291 798 431 856 liminare
450 801 543 856 etism
559 794 666 855 eudem
681 798 803 856 notione
818 808 905 856 vocet
917 800 1024 858 Petrus
1039 800 1189 859 Diaconos
1205 799 1227 865 4

114 888 171 949 98.
214 881 298 965 quod
309 881 392 941 idem
402 885 580 943 Anastasius
591 900 623 961 Ρ.
638 884 709 956 162,
726 883 797 955 156,
819 882 887 956 178,
905 886 964 948 177
978 883 1159 943 vestibulum
1175 885 1226 943 al-

116 972 195 1028 taris
216 979 247 1027 et
268 970 474 1049 consesssbnis5
502 972 587 1027 cuins
609 966 734 1049 quidem
752 968 893 1028 vestibuli
912 970 1064 1047 ingressus
1085 974 1225 1031 meminit

115 1052 581 1135 prestereep.1tt,184‚140‚
601 1054 756 1126 141,173.
799 1052 854 1112 sed
881 1054 963 1135 quod
986 1056 1108 1115 Graecis
1130 1057 1226 1127 solea,

114 1141 230 1201 nostris
252 1138 345 1198 limen
367 1150 398 1198 et
419 1139 559 1196 liminare
576 1137 689 1197 dicium
706 1148 767 1211 est,
789 1158 898 1219 rugam
917 1139 1036 1199 videtur
1050 1158 1225 1221 nuncupare

116 1225 194 1285 crdo
208 1228 373 1299 Romunus,
395 1242 538 1283 enarrem
551 1235 585 1281 nt
597 1223 736 1303 pontifex
750 1224 831 1283 finita
846 1244 929 1285 sucre
943 1227 1064 1305 liturgia
1078 1229 1110 1283 in
1123 1242 1224 1285 secre-

115 1314 230 1370 tarium
244 1309 340 1386 redit,
360 1310 414 1369 nbi
428 1307 503 1368 boec
517 1308 635 1369 subdit:
657 1319 731 1368 tunc
743 1320 854 1387 septem
868 1322 1028 1369 cereostata
1036 1312 1225 1389 praecedunt

111 1397 304 1476 pontificem,
326 1407 355 1453 et
372 1394 575 1454 subdiaconus
590 1398 778 1474 regionarius
798 1416 867 1454 curn
888 1395 1019 1455 turibrslo
1036 1397 1081 1454 ad
1094 1408 1223 1457 secreta-

113 1484 211 1541 rium:
232 1514 277 1527 -
294 1491 365 1561 post
384 1502 432 1539 ece
448 1478 558 1551 baiuli,
574 1494 713 1557 poeseos
738 1484 949 1553 cereostatarii,
965 1492 1131 1561 postqum
1150 1502 1222 1541 acc-

114 1566 197 1647 tyriis·
219 1569 273 1647 qui
294 1586 405 1647 rugam
426 1576 615 1637 corsservant,
634 1576 705 1645 post
723 1586 770 1625 eos
787 1578 869 1625 cetra
882 1568 1101 1647 presbeterum
1120 1586 1223 1627 cruces

109 1664 284 1733 portantes,
305 1652 411 1711 deinde
430 1654 628 1710 manncnarsi
643 1654 787 1725 iuniorem
809 1665 837 1710 et
854 1656 949 1711 intrat
966 1657 999 1712 irs
1016 1656 1218 1713 seorstanum.

113 1758 217 1819 neque
240 1739 300 1796 ulis
318 1738 535 1817 significatione
555 1736 729 1818 accipienda
752 1735 828 1799 boec
851 1758 913 1798 vox
931 1738 1011 1820 opud
1027 1742 1221 1799 Anastasiou

111 1825 191 1883 bibi.
206 1826 239 1882 in
255 1826 331 1883 titis
342 1824 537 1899 Pontificum,
559 1824 611 1881 ubi
624 1826 738 1903 possim
752 1826 894 1900 occurrit,
916 1824 1060 1906 quicquid
1077 1826 1221 1883 recismet
1272 1850 1275 1859 ·

113 1912 228 1969 ciem
240 1910 443 1988 Bnlbngems.
486 1910 520 1969 in
533 1907 687 1989 Stephano
702 1926 752 1967 tv:
764 1910 846 1989 fecit
859 1921 887 1967 et
899 1911 1053 1990 regulares
1064 1920 1222 1990 argenteas

112 2014 208 2075 snper
222 2012 332 2075 rugas,
346 2015 407 2073 per
424 2014 502 2075 quas
518 1996 730 2074 ingrediuntur
741 1996 786 2054 ad
795 1996 902 2053 altare.
948 1998 980 2055 in
1000 1996 1032 2055 S.
1050 1995 1220 2055 Hadriano:

113 2083 149 2139 in
172 2081 278 2139 eadem
299 2079 486 2153 basilicaub
507 2083 631 2139 irstroe'tu
651 2080 689 2140 de
709 2102 805 2160 rugus
830 2082 986 2161 usquead
1002 2080 1222 2161 Confessmnsrn

112 2168 238 2225 vestivit
258 2166 296 2224 ds
313 2176 438 2246 argento
452 2167 627 2243 purissimo.
679 2170 713 2225 in
734 2170 836 2227 Leone
857 2184 913 2226 111:
938 2186 1054 2226 necnon
1074 2176 1102 2225 et
1124 2164 1223 2225 altare

112 2254 219 2311 mains
237 2250 294 2309 sub
316 2250 424 2311 absida
443 2254 626 2323 commissit,
656 2254 742 2311 cuites
756 2253 876 2332 scriem
897 2264 989 2332 atque
1009 2252 1223 2333 confierionem

112 2358 169 2395 seu
181 2358 278 2417 rugas
291 2337 337 2395 ad
347 2337 480 2395 decorem
491 2339 587 2415 ipsius
605 2336 715 2396 altaris
734 2340 885 2397 investivit
896 2358 931 2397 ex
943 2349 1067 2418 argento
1082 2336 1221 2395 nunctis-

112 2425 203 2481 sirnc.
248 2425 280 2479 iu
294 2420 452 2481 Poscbnli:
473 2442 593 2479 sacram
615 2424 830 2501 confessionem
853 2426 917 2481 eius
936 2426 1061 2481 interius
1078 2422 1222 2481 exterisn-

113 2528 176 2588 qtee
191 2528 262 2566 cnm
283 2508 403 2587 megalis
420 2510 484 2566 suis
496 2506 678 2565 nobilissime
691 2509 865 2567 construxit.
912 2518 942 2567 et
954 2528 986 2587 Ρ.
1002 2511 1081 2571 150:
1104 2505 1223 2586 conses-

111 2596 229 2651 sionern
247 2594 376 2673 denique
391 2595 455 2653 eius
467 2614 538 2676 cuns
549 2592 668 2672 rngulis
681 2595 745 2650 suis
760 2594 885 2651 interius
896 2594 1081 2672 exteriusque
1099 2592 1222 2652 vallan-

112 2689 176 2737 tem
188 2678 393 2757 pulcherrime
413 2681 539 2757 compsit
554 2690 645 2758 atque
661 2678 823 2737 decoravit.
870 2680 942 2737 olibi
961 2698 1032 2737 vero
1049 2698 1109 2736 nou
1125 2678 1222 2739 semel

112 2782 208 2843 rugos
225 2767 298 2823 istus
311 2766 343 2823 in
356 2767 494 2843 ingressu
506 2765 702 2845 presbyterii,
724 2762 757 2823 id
777 2774 822 2825 est
845 2764 986 2840 bematis,
1009 2764 1101 2823 luisse
1117 2774 1221 2823 osten-

112 2848 172 2907 dit.
217 2853 249 2908 in
263 2850 295 2910 S.
310 2852 424 2909 Puulot
438 2851 519 2930 fecit
532 2861 635 2909 autem
648 2860 677 2908 et
689 2870 785 2930 rugas
801 2852 833 2909 irs
848 2850 970 2909 ecclesia
985 2850 1028 2909 B.
1045 2850 1131 2907 Petri
1144 2870 1221 2928 apo-

111 2934 234 2995 stettin
241 2934 423 3014 presbyterio
435 2936 645 3017 ingredientes,
667 2958 745 3016 qnae
757 2946 885 3016 utruque
892 2946 984 3015 parte
997 2935 1101 2994 dextra
1114 2935 1220 2992 laeva-

113 3041 176 3101 que
192 3022 342 3079 investivit
357 3033 482 3101 argento
496 3023 669 3100 purissimo.
715 3024 775 3081 ulio
790 3024 875 3081 loco:
888 3023 970 3101 fecit
990 3022 1082 3078 etium
1106 3020 1220 3099 imagi-

113 3126 171 3164 rses
183 3126 234 3164 sex
245 3128 280 3165 ex
290 3107 414 3165 laminir
425 3109 575 3186 argasteis
588 3109 757 3177 investitus,
780 3128 814 3165 en
827 3104 937 3187 quibus
948 3118 1007 3164 tres
1014 3106 1118 3183 posuit
1130 3124 1221 3182 snper

111 3212 213 3271 negas
235 3214 312 3271 quae
333 3194 453 3251 omilin
468 3195 592 3250 introitis
607 3192 748 3251 ecclesiae
760 3192 945 3271 presbyterii.
991 3207 1126 3249 rursum:
1140 3190 1223 3269 fecit

111 3276 212 3335 arnul
228 3288 257 3334 et
277 3298 373 3357 negas
390 3289 550 3357 argenteus
569 3280 603 3335 in
622 3280 760 3357 ingressu
782 3277 962 3356 presbyterii
979 3286 1139 3355 pensantes
1162 3284 1221 3335 cto.

113 3364 313 3441 corrrigitur,
336 3374 369 3421 nt
391 3360 483 3421 habet
501 3362 575 3423 ordo
591 3366 761 3439 Rornunus,
786 3361 918 3445 acolythi
932 3382 1043 3441 negans
1056 3370 1220 3437 servarent,

110 3466 215 3529 neque
230 3451 267 3507 iis
278 3449 325 3507 les
340 3458 417 3508 esset
431 3451 593 3507 sacrarium
608 3448 742 3529 ingredi,
768 3452 840 3509 sutis
857 3450 1003 3507 evincitur
1012 3466 1123 3526 rugam
1135 3458 1221 3505 extre

111 3534 280 3592 suci-crium
292 3546 382 3616 utque
396 3532 472 3593 adeo
486 3538 515 3592 ei
526 3537 698 3616 proximam
712 3536 816 3595 inisse.
859 3554 939 3614 nega
952 3554 1023 3592 vero
1039 3532 1121 3592 idem
1134 3542 1221 3593 sonet

112 3617 200 3698 qood
217 3623 328 3679 uostris
343 3639 397 3677 rue
414 3638 469 3679 seu
484 3622 602 3699 pluteo:
626 3623 670 3680 sic
689 3624 771 3679 enim
788 3631 948 3699 usurpetur
964 3617 1040 3678 baec
1057 3636 1121 3677 vox
1139 3612 1222 3697 opud

110 3703 311 3763 wilielmum
328 3707 459 3785 Tyrium
478 3710 516 3769 12
535 3706 577 3770 25
599 3718 630 3766 et
645 3708 679 3765 iu
695 3706 779 3764 buliu
796 3703 964 3764 Alexandri
982 3722 1078 3784 popae
1093 3724 1121 3762 u.
1139 3702 1221 3767 1166

111 3790 148 3846 in
170 3790 213 3847 Μ.
235 3792 382 3850 Pustcrcli
403 3791 558 3849 Ecclesiae
577 3794 755 3851 Purislensis
770 3791 792 3848 1.
809 3793 849 3854 19
867 3790 968 3849 chorte
984 3790 1042 3853 17:
1067 3786 1223 3868 usquead

112 3874 216 3933 locum
234 3878 290 3956 qui
312 3888 437 3935 vocatur
462 3876 604 3951 tuderti,
624 3879 659 3935 in
676 3896 757 3957 ruga
772 3876 903 3935 casdem
922 3876 955 3935 S.
977 3876 1132 3934 Germani.
1178 3874 1221 3931 its

111 3960 227 4039 Papius
240 3964 352 4042 puriter
364 3982 476 4042 negans
490 3960 610 4022 videtur
622 3966 772 4043 occipere:
794 3982 902 4042 rugae,
917 3980 1031 4032 murus,
1052 3956 1217 4018 semitulue.

110 4046 169 4104 ubi
198 4046 361 4125 legendum
386 4068 509 4107 rumas:
540 4050 687 4107 Graecum
716 4050 799 4107 euim
823 4067 929 4108 vocem
955 4046 1104 4126 expressit
1127 4039 1222 4125 ῥύμη.

110 4130 215 4191 Gloss.
236 4134 271 4193 Β.
290 4131 466 4195 Benedictis
488 4154 568 4215 rago
587 4130 681 4217 disq.
723 4153 795 4193 nem
819 4144 850 4195 et
869 4132 928 4195 boo
947 4134 1015 4192 loco
1039 4150 1120 4211 nega
1140 4129 1219 4190 forte

109 4215 260 4298 accipitur
279 4236 334 4298 pro
353 4219 470 4300 platee:
492 4216 577 4305 ῥύμη
592 4223 675 4281 enim
688 4220 812 4283 umes
824 4238 886 4283 nou
899 4216 991 4281 modo
1006 4234 1113 4297 rugum
1132 4214 1219 4277 iron-
