2792 4709
230 217 303 291 112
669 217 731 287 uit
755 214 898 288 cincti
1368 204 1369 297 i

227 385 371 447 sentibus·
413 376 552 464 inopiis
565 404 597 445 τε
611 381 769 463 μηνοειδές
780 406 809 447 τι
820 376 898 469 ederi
911 379 1012 465 ἕτερον
1026 384 1089 455 τοῖς
1101 380 1260 464 προοεχδοι
1273 386 1331 463 τῆς

227 472 405 550 οἰκοδομίας
419 469 557 554 δοῇρται,
577 474 617 555 τῇ
629 468 685 549 μὲν
698 465 862 554 εδποεπείφ
874 464 1059 548 θαυμάσιον,
1081 472 1123 552 τῷ
1137 466 1170 530 dl
1184 472 1329 545 οφοδερῷ

225 561 283 637 τῆς
299 554 471 628 συνθέσεως
484 556 599 618 δοκοῦν
613 578 643 617 u
657 576 700 632 φο
722 552 793 635 ερδο
811 549 889 616 eleas
904 550 993 626 ὅλος.
1035 555 1120 617 δοκεῖ
1132 549 1191 635 γάρ
1206 576 1251 633 κη
1271 549 1329 615 οὐκ
1369 572 1370 581 ’

228 641 263 705 δν
277 642 389 725 βεβαίῳ
402 639 618 725 {repentium
640 634 695 701 dit
723 636 997 712 internumerare
1010 630 1205 701 brittones
1219 660 1329 719 pereu-

229 729 385 809 ρίζεσθαι·
416 727 469 787 καί
481 747 529 788 τοι
543 721 748 804 διαφερόντως
762 724 796 789 ἒν
809 729 853 808 spi
868 726 980 807 βεβαίῳ
993 728 1048 804 τῆς
1061 718 1226 801 ἀσφαλείας
1240 717 1330 802 ἐστή-

228 834 338 893 ρικται.
377 808 410 870 id
421 814 513 869 etiam
524 812 623 890 attigit
637 812 774 889 Gyllins,
796 812 927 869 scribens
943 820 1057 867 exstare
1071 807 1176 887 templi
1189 810 1329 866 extremi-
1370 802 1371 819 ¹

229 907 317 968 tutes,
339 896 422 955 utun
434 908 499 956 ouo
506 896 595 974 pilas
604 899 767 974 proiectus,
789 899 822 955 iu
835 896 981 974 sphaerae
994 905 1136 975 quartam
1145 904 1268 972 partun
1280 914 1330 951 re-

229 982 375 1054 cedentes,
404 1002 439 1039 ea
459 1000 569 1059 supera
584 992 674 1060 pana
690 982 837 1062 qtu'ddum
852 982 943 1040 hume
955 990 1098 1040 curvatas
1108 982 1142 1037 in
1157 1000 1273 1037 carrusa
1286 980 1330 1035 ei-

229 1067 300 1126 nu'le
316 1086 394 1145 praa
411 1088 444 1125 ee
461 1078 606 1146 germtes.
652 1065 783 1147 denique
805 1086 895 1147 snpra
916 1065 975 1125 hcc
997 1068 1134 1125 lunatum
1157 1062 1329 1122 aedilicium

230 1156 359 1232 assurgit
369 1153 471 1211 fornix
485 1154 562 1211 alius
574 1153 723 1211 excelsior
740 1172 834 1232 usque
851 1150 890 1209 ad
908 1162 998 1232 capnt
1010 1152 1151 1209 immensi
1164 1152 1253 1208 istius
1263 1149 1330 1207 fcr-
1371 1189 1372 1195 .

230 1240 316 1312 nisis,
339 1241 423 1297 cidus
434 1249 519 1317 tergo
532 1238 678 1296 incumbit
692 1237 810 1297 mediae
826 1236 909 1296 aedis
925 1248 1040 1315 vertex,
1054 1240 1100 1295 uti
1118 1233 1209 1293 habet
1224 1235 1329 1294 Silen-

230 1327 335 1383 tiarius
353 1344 383 1382 r·
399 1328 472 1387 266.
513 1324 592 1381 intra
605 1320 736 1381 conchae
754 1342 904 1383 recessum
919 1324 1077 1402 utrinqne,
1101 1324 1142 1378 ait
1155 1318 1241 1379 idem
1252 1322 1329 1379 Prn-

231 1413 353 1487 oopius,
377 1409 533 1467 columnae
549 1428 567 1466 a
581 1412 754 1488 pavimento
771 1418 943 1487 assurgunt,
965 1420 1026 1466 n'on
1043 1417 1122 1466 recto
1137 1403 1264 1487 quidem
1279 1424 1329 1462 or-

232 1493 312 1568 dine,
335 1492 388 1552 sed
401 1496 482 1552 intus
493 1495 706 1553 semicirculari
719 1494 814 1552 forme
834 1493 1004 1572 dispositae,
1026 1496 1068 1551 ita
1081 1503 1116 1551 nt
1127 1492 1185 1551 sibi
1197 1494 1329 1549 invicem

230 1590 376 1660 tauquam
397 1581 430 1636 in
452 1577 543 1638 choro
567 1590 755 1657 assurgentes
777 1580 880 1637 lunato
901 1570 1035 1637 aedificio
1055 1579 1189 1637 subsintt
1209 1571 1329 1638 τούτων

232 1663 267 1727 δὲ
281 1662 321 1743 δὴ
335 1654 387 1741 ἐφ’
403 1660 527 1743 ἑκάτερα
540 1666 639 1737 elcese
653 1659 705 1726 ἐπ’
719 1658 852 1741 ἐδάφους
870 1662 955 1737 εἰσίν,
978 1658 1051 1727 οὐδὲ
1066 1652 1154 1726 crisci
1169 1654 1233 1723 κατ’
1250 1655 1328 1722 rint

231 1746 363 1823 ἑστῶτες,
381 1741 450 1810 dtt'
465 1750 535 1815 siun
548 1745 625 1811 sarci
639 1754 739 1828 σχῆμα
751 1746 965 1827 eistetenses
980 1744 1080 1828 ὅσπερ
1095 1748 1128 1811 δν
1140 1742 1229 1829 χοίρῳ
1243 1740 1331 1825 oillei-

229 1838 295 1908 λοις
308 1830 593 1914 δοεξονιοτοὶμενοι·
612 1835 663 1895 sui
677 1830 779 1895 αὐτῶν
791 1830 992 1914 δπερδνοοθεν
1006 1829 1197 1913 οἰκοδόμημα
1212 1852 1330 1910 μηνοει-

230 1914 504 1999 δὲςοῖποκοέμοτοι.
546 1917 625 1978 hauc
645 1917 826 1978 concharum
848 1931 964 1997 partem
986 1921 1133 1979 columnis
1154 1916 1329 1976 adornatam

229 2002 265 2068 sd
276 2004 553 2078 morcidseridetnr
566 2006 719 2083 appellare
735 2001 936 2083 Pachymeres
955 2010 970 2067 1
997 2008 1046 2068 19.
1090 2001 1223 2063 conchae
1242 2022 1330 2083 prae-

230 2100 312 2149 terea
326 2092 529 2169 appellatione
541 2110 603 2149 non
615 2092 710 2149 semel
724 2088 837 2149 donant
848 2094 1005 2170 scriptores
1018 2091 1225 2169 baptisterium
1239 2090 1330 2145 Late-

121 2196 144 2247 p
162 2191 215 2248 564
231 2179 367 2234 renensis
380 2177 541 2250 ecclesius,
568 2194 660 2256 quam
675 2176 822 2234 concham
831 2178 1073 2255 paragcuicam,
1094 2172 1248 2233 interdurn
1256 2192 1331 2249 por·

117 2299 129 2314 ·
225 2261 375 2340 phyrecrn
399 2262 589 2320 &notamini
607 2273 696 2319 vocat
715 2264 842 2321 Ioannes
863 2263 1039 2320 Hocsemius
1061 2264 1093 2318 iu
1111 2258 1332 2337 Engelbertos

231 2350 495 2426 Marea·episcopo
515 2344 609 2405 heod.
632 2366 658 2405 ο.
679 2346 737 2420 86,
769 2346 914 2405 concham
928 2346 1171 2424 porphyreticam
1185 2362 1331 2422 maguum

231 2431 401 2493 chronicon
414 2434 571 2511 Belginum
583 2452 614 2512 p.
633 2434 703 2496 160.
718 2434 751 2490 in
763 2452 839 2512 qun,
855 2434 897 2491 ait
911 2430 993 2489 idem
1004 2433 1190 2502 Hocsernius‚
1207 2430 1333 2487 ὑιινανϋ

235 2520 450 2578 Constantinus
462 2538 621 2598 paganus,
643 2528 673 2574 et
685 2516 730 2575 tot
741 2516 911 2596 lotnesuit5
945 2514 983 2575 de
999 2535 1058 2596 quc
1072 2516 1262 2575 Constantini
1276 2514 1332 2570 ba-

231 2606 365 2683 ptisterio
395 2614 487 2682 agunt
510 2614 664 2684 praeterea
694 2602 898 2682 Theophanes
927 2621 955 2660 a.
979 2604 1028 2665 18.
1070 2602 1274 2673 Constantini,
1304 2610 1332 2657 et

231 2692 408 2748 Anastasius
425 2692 458 2746 in
473 2692 527 2747 vit.
541 2691 602 2747 1³1².
617 2708 648 2767 p.
666 2687 716 2763 14,
739 2693 790 2763 23,
813 2691 864 2754 28.
896 2686 932 2745 ab
950 2684 1096 2745 eiusmodi
1110 2685 1236 2765 perinde
1252 2695 1333 2743 stru-

231 2784 333 2833 cturae
349 2775 447 2831 sonna
462 2771 574 2831 dictum
589 2773 832 2853 inceptiones,
859 2774 1023 2831 triclinium
1042 2774 1073 2830 iu
1093 2774 1205 2849 palatio
1227 2770 1333 2849 cpoli-

232 2869 320 2931 tano,
352 2859 435 2915 cuins
450 2860 563 2915 mentio
580 2868 626 2915 est
643 2858 676 2914 in
691 2856 838 2916 Chronico
856 2856 1063 2916 Alexandrino
1077 2878 1107 2935 p·
1122 2856 1184 2920 734
1204 2868 1233 2913 et
1252 2852 1333 2933 apud

231 2946 366 3003 Leonem
377 2944 612 3000 Grammaticum
624 2960 655 3020 p.
670 2941 733 3006 455
750 2952 779 3000 et
795 2943 865 3005 497.
889 2954 923 3001 ut
938 2953 968 3000 et
980 2941 1062 3000 aliud
1078 2946 1110 2999 in
1124 2940 1232 3000 eodem
1247 2942 1334 3019 pela-

231 3031 275 3088 tio
294 3029 460 3086 triclinium
479 3022 664 3108 ἕοτᾶκογχοο
678 3038 884 3106 nuncupatum
897 3048 915 3085 a
927 3038 1042 3107 septem
1060 3026 1199 3099 conchis,
1223 3028 1333 3105 quibus

232 3115 395 3188 constabat,
417 3116 450 3173 iu
465 3132 525 3193 quo
540 3111 641 3172 habita
653 3113 764 3190 legitur
775 3112 898 3190 pollutio
916 3112 1136 3172 Catholicorum
1157 3132 1225 3169 cum
1238 3113 1333 3169 Sore-

232 3200 334 3273 rianis,
350 3202 516 3258 Iustiniana
527 3202 706 3278 imperante,
722 3218 799 3279 quae
814 3195 940 3256 habetur
954 3200 985 3257 in
1001 3200 1195 3256 conciliorum
1212 3196 1333 3268 codice3

232 3283 316 3365 quod
329 3283 448 3343 videtur
458 3283 542 3341 idem
550 3303 615 3343 esse
623 3302 693 3341 cum
702 3304 737 3342 eo
746 3281 827 3363 quod
836 3282 1028 3361 Heptanude
1037 3281 1333 3362 diciturapndiaibe-

231 3368 574 3429 ratumdiaconumo.9.
605 3367 827 3427 observandum
835 3367 964 3449 deniqne
974 3365 1057 3450 iepdn
1069 3365 1177 3451 κόγχην
1186 3368 1334 3447 appellari

231 3455 270 3514 ab
278 3457 409 3533 Euagrio
422 3458 522 3532 ipsum
536 3453 625 3511 bema
635 3455 776 3513 cancellis
786 3456 847 3513 suis
858 3456 1003 3514 clausum.
1021 3456 1062 3511 ait
1071 3458 1151 3513 enim
1161 3452 1334 3531 Sophianae

230 3538 314 3599 aedis
326 3539 548 3618 longitudinem
560 3558 578 3597 a
590 3550 678 3618 porta
690 3540 799 3619 templi
812 3538 942 3598 conchae
956 3541 1080 3598 obversa
1095 3538 1134 3597 ad
1146 3542 1246 3617 ipsam
1261 3556 1335 3595 con-

230 3624 334 3701 cham,
366 3626 444 3687 δοθο
457 3622 494 3685 ed
508 3629 564 3704 τῆς
577 3620 766 3703 δοφιμάκτου
779 3630 972 3705 καλλιεοεῑτοι
987 3629 1114 3698 θυσίας,
1137 3622 1252 3703 pedum
1272 3642 1335 3681 esse

231 3714 311 3784 170,
338 3713 431 3769 totius
451 3730 523 3769 vero
542 3711 650 3788 tempii
672 3709 894 3789 longitudinem
916 3728 982 3769 esse
1002 3708 1115 3788 pedum
1136 3710 1209 3773 260.
1254 3706 1335 3767 unde

230 3795 336 3855 confioi
349 3793 468 3853 videtur
481 3794 702 3874 longitudinem
720 3797 846 3855 bematis
860 3796 953 3855 inisse
969 3794 1082 3875 pedum
1096 3798 1155 3871 70,
1184 3794 1335 3875 reliquam

229 3880 324 3941 fnisse
341 3882 374 3939 in
385 3900 445 3939 nso
459 3892 489 3939 et
501 3898 626 3959 pronao,
648 3882 699 3939 vel
712 3885 738 3940 si
753 3885 859 3954 maris,
877 3878 1030 3939 narthece.

317 3965 370 4030 51.
413 3968 478 4025 lam
490 3984 562 4023 vero
577 3967 723 4025 maiorem
739 3964 893 4040 concham,
915 3984 992 4046 quae
1004 3965 1125 4023 Graecis
1140 3964 1334 4041 scriptoribus

232 4049 315 4109 nude
328 4046 421 4133 οδγχη
436 4049 561 4124 dicitur,
593 4052 693 4109 Latini
708 4052 857 4109 inferioris
873 4054 978 4111 aetatis
996 4052 1110 4130 passim
1124 4046 1267 4107 absidam
1281 4068 1335 4126 ap-

232 4138 396 4215 pellavere.
439 4136 549 4195 dissue
564 4138 646 4194 enim
660 4138 805 4195 Paulinus
822 4139 908 4215 epist.
925 4139 966 4201 12
983 4134 1120 4196 absidam
1137 4152 1206 4191 cnm
1221 4133 1336 4192 concha

235 4220 402 4282 wufuudit.
443 4240 502 4282 neo
521 4219 637 4281 abludit
655 4220 829 4284 valafridcs
849 4221 957 4283 Strabo
975 4222 1029 4283 lib.
1052 4218 1090 4281 de
1114 4220 1192 4281 Reb.
1207 4220 1334 4279 umus
