2792 4709
528 181 736 252 lcuotsut
758 181 786 248 Ι.
1132 176 1204 250 147

99 359 280 432 spumarent
298 351 410 430 sputis3
444 349 615 412 Mendesem
635 351 701 409 eius
724 349 836 424 filimn,
867 368 959 430 quem
981 346 1127 409 chosroes
1148 367 1204 427 pm

99 439 194 498 Siron
214 439 248 494 iu
266 455 369 515 regem
390 441 523 496 coronari
542 438 695 512 voluerat,
725 436 852 495 interfioi
870 437 1010 511 iussisse,
1037 453 1203 516 omnesque

99 523 238 603 reliquos
254 522 443 582 eiusliberos
458 522 591 582 emedio
608 523 675 582 tolli
691 521 862 582 mendasse·
904 521 940 586 le
963 521 1053 584 seim
1075 518 1109 585 dl
1127 518 1204 602 elul-

99 631 176 690 pose
187 611 276 670 τοῦτο
289 603 486 686 ποιήσαντες,
508 607 659 674 helianum
679 606 699 672 o‘
714 602 826 689 Σιρὸης
839 611 948 672 τοῦτον
960 602 1059 684 τόξοις
1074 602 1202 684 ἀνελεῖν,

97 693 159 756 erui
180 688 277 796 pdruc
293 689 371 756 russi
392 689 501 776 μικρὸν
522 694 556 758 ὃν
571 695 684 767 dss'sosc
704 694 861 778 stupidum
879 691 938 777 seir
953 687 1094 776 πονηρὰν
1107 687 1204 756 αὐτοῦ

193 802 222 840 ν.

97 792 245 928 ψυχη66.
288 867 453 924 Homerum
469 876 572 924 monet
586 885 625 922 ne
638 865 801 924 Herculem
813 865 852 923 oh
864 865 1017 944 praeclara
1031 872 1114 943 gesta
1126 864 1205 921 inter

97 950 178 1010 deos
200 960 370 1025 recenseat,
392 970 431 1008 ne
456 948 600 1010 ridiculus
621 949 740 1026 audiet,
762 961 793 1009 et
808 944 1001 1025 ἀποθεώσεις
1014 969 1090 1032 quaa
1103 956 1205 1006 namt

95 1037 260 1096 vilescunt.
303 1053 338 1094 eo
349 1037 381 1092 ui
395 1035 484 1095 fallor
498 1039 618 1116 respicit
632 1034 672 1094 ed
687 1038 789 1095 lorum
802 1035 964 1116 Odysseae,
985 1039 1019 1094 in
1034 1053 1095 1116 quo
1109 1035 1202 1113 Ulys-

96 1141 170 1182 sem
185 1123 228 1178 ait
239 1123 391 1180 invenisse
409 1120 491 1201 epud
506 1123 619 1182 inferos
633 1123 771 1182 lleroulis
783 1120 918 1196 idolum,
943 1126 982 1184 11
1004 1123 1078 1185 600.
1121 1128 1203 1183 orto·

97 1226 173 1266 rum
192 1204 229 1264 de
248 1224 333 1266 more
345 1204 453 1267 ludens
465 1213 553 1286 poeta
570 1209 602 1266 iu
616 1209 755 1283 roribus,
778 1209 816 1267 ob
831 1205 1060 1267 similitudinem
1070 1204 1202 1264 nominis

96 1292 234 1350 Heraclii
257 1311 326 1350 oum
346 1293 491 1366 Hercule,
525 1295 713 1372 imperatoris
739 1303 824 1372 gesta
844 1296 935 1372 longe
953 1289 1150 1370 praeferenda
1170 1299 1201 1348 et

94 1377 327 1437 immortalitate
347 1375 437 1437 valde
456 1375 594 1458 digniora
611 1397 676 1438 esse
694 1397 786 1461 quam
800 1379 938 1438 Herculis
951 1378 1115 1437 oertemina
1127 1394 1200 1434 oon-

94 1461 208 1522 tendit.
836 1495 844 1504 ·

188 1550 240 1610 67.
283 1565 355 1626 pree
377 1549 482 1608 ueteris
500 1551 614 1628 politis,
646 1550 699 1630 qui
717 1550 856 1610 llereulis
876 1549 995 1608 leborea
1019 1543 1200 1622 describunt,

98 1629 305 1694 eonsulendus
317 1636 474 1694 Lucretius
489 1633 542 1694 lio.
557 1637 577 1698 5
591 1637 732 1712 inpriue.
750 1638 799 1694 eui
813 1634 888 1694 deus
900 1635 954 1693 ille
967 1643 1028 1708 est,
1050 1634 1119 1713 qui,
1141 1647 1202 1712 qua

97 1721 220 1778 ratione
234 1718 352 1778 enimus
363 1722 486 1799 purgari
498 1723 593 1799 possit
605 1741 624 1780 a
639 1722 736 1797 vitiis,
756 1739 819 1780 non
831 1717 982 1803 quomodo
992 1729 1071 1778 terra
1082 1737 1102 1778 a
1111 1735 1201 1777 mou·

95 1806 171 1866 stris
187 1804 330 1880 liberari,
354 1801 498 1864 docuerit.

186 1891 239 1955 68.
282 1907 389 1969 aprum
400 1893 433 1949 in
445 1901 547 1951 monte
559 1887 746 1970 Erymantho
757 1887 905 1949 Amedine
917 1899 1033 1963 natum,
1051 1889 1105 1969 qui
1115 1885 1199 1948 Pho-

97 1973 177 2034 eidis
190 1993 297 2052 ugrum
312 1976 462 2052 rastubet,
484 1979 619 2036 vinctum
633 1975 672 2036 ed
684 1974 889 2056 Eurystheum
903 1973 1030 2034 deduxit
1045 1975 1200 2048 Hercules,

95 2071 131 2119 et
149 2062 284 2120 Leonem
302 2063 468 2122 Nemueum
485 2064 621 2122 omnium
637 2072 772 2122 armentu
786 2065 866 2120 inter
878 2059 1054 2120 Phliuntem
1066 2071 1097 2119 et
1110 2061 1201 2120 cleo-

93 2165 155 2206 nos
169 2143 367 2206 dilaniantem
378 2146 469 2208 nudis
480 2149 619 2208 menibus
635 2145 855 2228 apprehensum
868 2145 1036 2208 suffooavits

184 2233 238 2296 70.
281 2233 457 2292 Heraclium
473 2234 597 2294 Hereuli
613 2235 817 2314 praelaturus,
839 2251 919 2313 queo
931 2230 969 2290 de
981 2232 1111 2290 lleroule
1126 2249 1200 2289 nar·

94 2325 218 2390 rentur,
240 2317 365 2398 eiusque
386 2312 595 2401 κοσμορόστον
615 2319 755 2394 titulum,
775 2320 949 2396 imperatori
962 2318 1074 2375 melius
1088 2334 1200 2374 eonve-

94 2405 163 2460 nire
181 2400 329 2479 ostendit,
351 2406 459 2464 Perses
481 2421 645 2484 eorumque
668 2422 772 2482 regem
793 2401 959 2462 chosroem
979 2404 1122 2461 monstris
1135 2409 1199 2460 toto

94 2488 165 2550 orbi
179 2499 325 2547 terrarum
339 2489 551 2550 infensissimis
565 2509 621 2568 per
636 2489 813 2568 allegoriam
827 2505 1012 2567 oompnreua.

183 2575 237 2638 71.
278 2571 435 2634 Persidem
454 2595 524 2636 oum
541 2576 647 2635 inferis
667 2575 798 2651 seniori,
825 2572 866 2633 ad
886 2592 963 2656 quos
982 2571 1129 2632 lleroules
1142 2567 1199 2628 da·

93 2655 250 2719 floeflffiflffl
264 2659 370 2720 fel'llll's

183 2747 237 2810 tt.
276 2745 439 2805 Cerberum
462 2763 569 2806 ranem
593 2739 630 2803 eh
653 2745 759 2806 inferis
780 2745 922 2806 obsutum
938 2763 994 2824 per
1011 2743 1200 2804 Troezenesu

94 2825 137 2888 ed
150 2827 355 2909 Eurystheum
367 2849 465 2912 nsque
479 2830 622 2912 perduxit
634 2831 791 2892 Hercules.

182 2918 235 2980 78.
279 2914 318 2974 de
337 2915 499 2977 Alcestidis
521 2919 650 2997 pietate,
672 2937 751 2999 quae
764 2918 832 2976 loeo
848 2917 896 2976 sni
910 2915 974 2974 rivi
984 2910 1107 2973 Admeti
1121 2909 1198 2970 mori

95 2999 192 3077 elegit
210 3010 242 3060 et
262 3001 300 3060 ab
322 3003 452 3061 lleroule
472 3005 507 3060 in
525 3005 621 3062 vitem
643 3013 688 3062 est
707 3012 845 3062 rovorata
859 3012 891 3060 et
903 2997 1036 3059 Admeto
1050 2999 1197 3069 restituta,

94 3092 217 3163 praeter
227 3085 404 3166 Euripidem
417 3085 619 3167 Palaephatus
636 3087 674 3148 tle
688 3087 802 3146 mered.
818 3085 889 3144 hist.
906 3105 934 3143 e.
947 3083 1001 3148 41.

182 3169 236 3235 74.
278 3169 439 3232 druoonem
465 3173 644 3252 peruigilem
666 3184 788 3232 neutum
810 3169 998 3230 attollentem
1017 3167 1132 3245 eapite,
1164 3171 1200 3222 nt

94 3272 189 3314 aures
214 3255 418 3338 Hesperidum
432 3257 643 3340 Nympharum
665 3273 758 3339 poma
780 3253 957 3331 omtodirst,
984 3251 1130 3314 Heronlas
1147 3251 1198 3309 in·

92 3343 227 3401 teremit.

182 3425 235 3492 75.
277 3426 361 3490 idem
378 3431 510 3490 hemam
532 3426 599 3510 [7],
628 3439 798 3490 mensuum
814 3422 1017 3499 horrendum,
1045 3423 1095 3481 uui
1108 3421 1197 3501 plnrs

94 3519 184 3654 “ff
204 3513 297 3591 oolla,
319 3534 398 3597 quae
416 3524 539 3576 exserta
553 3515 802 3590 renascebantur,
830 3513 911 3574 ferro
932 3521 964 3571 et
982 3513 1055 3590 igue
1075 3507 1196 3587 penitus

95 3615 132 3654 oo
170 3599 238 3658 seit.

181 3685 235 3748 76.
276 3681 360 3744 idem
378 3687 495 3764 Augias
515 3685 667 3746 stabulum
681 3703 761 3764 pene
774 3684 958 3744 immensum
970 3678 1084 3739 ettimo
1100 3676 1196 3736 refer·

94 3765 249 3828 tissimum
262 3789 323 3830 uuo
339 3769 389 3829 die
401 3773 551 3851 purgavit.

181 3855 235 3918 77.
277 3855 348 3914 vide
362 3877 457 3934 supra
471 3877 502 3917 r.
515 3859 567 3920 68.

182 3941 238 4004 78.
278 3937 369 4002 hosoe
403 3938 478 4002 duos
513 3940 646 4001 seuerior
675 3938 814 4018 paullum
843 3937 1017 3996 mutunus
1040 3927 1136 3990 lubet
1160 3927 1195 3987 in

95 4019 203 4080 Potm.
220 4023 439 4086 dsResusreer.
457 4047 488 4087 r.
506 4027 568 4090 106
585 4035 615 4086 et
632 4027 705 4090 107.
746 4021 946 4106 aselpzesbss
968 4021 1013 4105 τῷ
1034 4011 1195 4098 andrum,

93 4107 131 4164 ni
144 4105 250 4185 lnllor,
272 4123 318 4172 est
329 4132 479 4174 namnum
490 4131 566 4189 opus
578 4109 708 4192 aggredi
719 4111 769 4171 rel
780 4125 931 4170 summum
943 4105 1043 4184 operis
1055 4099 1193 4179 implore·

94 4193 200 4275 itaquo
213 4200 301 4276 po'e'te
318 4195 389 4260 dicit
400 4197 560 4260 Homolen
572 4215 648 4278 opus
659 4214 899 4270 oonssuumaase,
920 4209 991 4254 oum
1001 4205 1091 4250 emes
1103 4201 1193 4267 pom
