2792 4709
500 178 746 317 pumilio.
1063 302 1072 313 .
1135 266 1173 318 rx
1210 278 1213 283 ·

71 410 134 495 psit
152 349 441 493 mues'aeorgtns,
461 409 538 473 baec
558 423 646 475 sunt:
671 416 704 477 1.
723 410 946 486 Restm,
971 415 1003 479 2„
1023 409 1173 475 estree-

72 515 183 587 olim
209 518 240 579 3.
265 514 393 575 debello
407 518 542 590 Peneo,
569 516 601 581 4.
622 514 774 588 Abos-rba,
794 524 827 574 et
846 513 879 579 6·
899 516 1067 575 circumirem
1077 516 1173 578 Anc-

71 598 164 679 etaeil'
174 620 324 696 mam.
369 629 459 701 atque
476 618 511 680 id
532 614 656 701 quidem
669 638 732 679 non
743 620 816 678 satis
828 628 908 677 recte
920 616 1076 677 definitum
1090 630 1136 679 est
1151 640 1172 680 a

73 718 189 782 Suidat
210 720 271 779 alia
285 722 367 780 enim
381 720 517 783 eiusdem
530 724 658 782 aumcris
670 722 815 801 opuscula
826 721 914 780 nobis
924 722 1059 781 invenire
1073 723 1172 781 conti·

74 824 136 905 git,
159 842 239 905 quae
251 842 271 881 a
281 822 376 885 fluida
386 845 448 885 uon
459 836 678 902 memorantur,
699 826 751 884 rel
770 821 853 906 quod
865 842 969 883 eorum
977 824 1043 905 ipse
1054 826 1172 883 nnllam

73 924 218 987 habuerit
238 928 394 1005 notitiam,
416 929 467 989 vel
487 926 583 1011 qnod,
604 938 638 987 nt
659 937 763 986 tamen
778 929 880 985 minus
896 945 967 985 vero
985 948 1052 987 esse
1071 928 1172 987 simile

73 1028 166 1088 nobis
183 1024 316 1106 ridetur,
340 1050 377 1089 ea
393 1050 459 1091 esse
477 1028 694 1091 contemnenda
707 1031 866 1111 putaverit.
908 1048 944 1088 eo
957 1032 987 1095 1.
1000 1028 1038 1089 de
1048 1034 1173 1091 flexae-

74 1148 178 1206 mero,
199 1129 282 1213 quod
301 1130 439 1193 adfirmat
462 1134 587 1214 longum
604 1134 698 1193 fuisse
718 1136 844 1213 poema,
870 1129 952 1213 quod
970 1132 1066 1192 tribus
1085 1133 1172 1192 mille

76 1233 202 1294 senariis
216 1244 380 1313 constaret,
401 1234 570 1297 dubitarem
583 1238 723 1312 omnino,
746 1255 785 1293 an
797 1231 830 1293 id
840 1252 975 1315 nuquam
988 1254 1094 1295 verum
1106 1256 1173 1295 esse

75 1336 224 1415 potnerit,
246 1356 315 1397 cum
327 1339 436 1399 nullibi
448 1349 590 1420 appareat
603 1342 813 1399 Hexeemeron
828 1358 893 1397 esse
905 1338 1065 1416 mutilum,
1087 1349 1173 1398 etex

77 1438 218 1498 omnibus
229 1438 381 1531 podicibus
395 1438 554 1521 diligenter
563 1443 697 1502 excussis
711 1451 801 1524 atque
812 1442 942 1501 evolutis
957 1442 1012 1502 rix
1026 1438 1086 1501 dno
1098 1442 1174 1500 rnil-

76 1540 119 1599 lia
137 1543 310 1603 iamborum
330 1545 418 1605 nobie
436 1547 578 1626 colligere
591 1546 718 1605 licuerit.
762 1562 854 1627 quare
869 1552 915 1602 tot
929 1563 1034 1605 versus
1047 1545 1173 1605 interci-

78 1638 157 1703 disse
169 1642 351 1724 persuadere
363 1645 441 1707 milri
453 1669 516 1709 non
529 1658 680 1731 poteram,
702 1668 739 1707 ae
748 1650 848 1727 potius
859 1644 1005 1707 mendum
1015 1652 1048 1707 in
1059 1646 1174 1709 Suidue

77 1752 197 1807 textum
217 1749 371 1829 irrepsisse
394 1769 515 1811 mecum
536 1754 601 1831 ipse
624 1752 808 1831 cogitabam,
830 1759 864 1809 ut
888 1769 942 1830 pro
963 1752 1108 1834 τρισχίλια
1122 1750 1171 1809 le·
1186 1766 1214 1822 p.
1229 1746 1258 1805 X

77 1846 211 1926 gendum
231 1861 309 1911 esset
328 1853 466 1934 δισχίλια.
506 1872 627 1931 verum,
649 1856 676 1914 ei
691 1855 791 1935 placet
807 1852 955 1935 quosdam
970 1856 1062 1912 etiam
1074 1854 1173 1913 versi-

78 1950 159 2011 culos
172 1972 214 2011 ex
225 1950 283 2013 hoc
297 1966 434 2034 poemate
448 1957 566 2019 avulsos
579 1955 757 2033 desiderari,
778 1976 841 2016 non
852 1956 987 2035 negabo:
1009 1974 1079 2014 oum
1092 1956 1174 2013 enim

79 2058 177 2113 totum
194 2066 310 2116 constet
323 2058 428 2118 multis
443 2060 529 2141 quasi
540 2062 695 2140 particulis
708 2071 739 2119 et
751 2058 921 2134 membris,
935 2059 980 2115 nil
995 2060 1085 2137 plene
1095 2056 1175 2117 faoi·

78 2152 136 2213 lius
152 2174 245 2236 quam
258 2169 293 2218 ut
305 2162 523 2241 exscriptorum
534 2164 650 2223 incuria
664 2182 724 2222 nna
736 2163 788 2221 vel
799 2162 892 2221 altera
904 2162 1029 2241 perierit
1042 2172 1073 2219 et
1085 2162 1176 2220 efflu-

79 2258 157 2317 xerit
175 2278 217 2317 ex
230 2260 292 2321 illis
308 2261 571 2344 descriptionibus,
593 2284 667 2348 quas
687 2265 726 2325 de
744 2263 882 2345 lapidum
898 2265 1130 2343 plantarumque
1145 2268 1177 2320 et

79 2361 256 2421 animalium
274 2366 468 2447 qualitatibus
486 2370 613 2428 fortasse
629 2366 794 2427 exhibebat
807 2378 919 2427 auctor.
961 2363 995 2425 id
1006 2375 1110 2423 autem
1123 2381 1178 2421 co-

80 2458 160 2523 dices
173 2465 232 2545 ipsi
245 2468 418 2529 confirmare
431 2468 588 2547 ridentur,
609 2472 643 2529 in
661 2472 771 2552 quibus
790 2470 943 2542 omnibus,
966 2469 1103 2527 sianum
1114 2466 1178 2525 Va-

69 2562 212 2624 ΝΜ
226 2570 307 2635 1126
320 2574 464 2653 excipias,
486 2594 644 2655 perperam
659 2576 813 2653 scriptum,
833 2569 1047 2651 interpolatum
1059 2587 1095 2627 ec
1106 2586 1178 2627 mu-

79 2666 169 2725 tilum
189 2671 401 2735 Hexa'er'neron
422 2674 639 2757 deprehendes.
681 2680 714 2741 2.
735 2678 768 2735 in
790 2676 964 2735 Heraclium
984 2674 1077 2752 imp,
1099 2688 1178 2751 quae
1243 2745 1247 2752 ι

79 2766 190 2831 Suidas
201 2782 327 2835 testatur
338 2780 490 2860 scripsisse
501 2779 647 2857 Pisidam,
670 2788 740 2839 snut
751 2781 842 2862 plane
857 2796 992 2838 acroases
1005 2786 1077 2850 tres,
1099 2791 1179 2854 quae

80 2874 184 2931 Statim
196 2878 229 2935 in
240 2880 386 2962 principio
399 2880 525 2947 huiusce
538 2884 613 2944 tomi
627 2894 783 2943 occurrent
796 2882 852 2941 sub
866 2878 925 2941 hoc
936 2879 1042 2939 titulct
1065 2876 1109 2951 εἷς
1120 2869 1180 2954 τήν

80 2971 155 3038 md
168 2980 299 3063 Uttaris
310 2982 500 3067 ἐκστρατείαν
509 2984 683 3069 Ἡρακλείου
693 2990 750 3050 scri
761 2982 913 3068 βασιλέως.
955 2980 1014 3041 Ιιοο
1027 2997 1102 3058 opus
1115 2993 1177 3034 uua

82 3094 151 3137 eum
161 3080 240 3160 aliis,
261 3104 339 3166 quae
354 3085 495 3169 deinceps
508 3109 526 3147 a
542 3088 637 3150 Suida
647 3087 817 3163 laudantur,
838 3082 1024 3145 intercidisse
1040 3077 1178 3138 omnium

81 3182 195 3258 primus
215 3187 373 3249 arbitratus
391 3202 438 3251 est
450 3194 608 3271 Kusterue,
631 3212 667 3251 uc
680 3179 749 3271 post
763 3209 833 3249 euru
847 3189 943 3263 Care,
964 3184 1017 3266 qui
1033 3182 1124 3240 etiam
1137 3176 1176 3237 do

82 3302 134 3345 suc
148 3288 238 3349 uobis
257 3292 389 3353 obtrudit
405 3315 540 3356 acroases
556 3294 593 3355 de
610 3296 749 3355 Heraclio
768 3302 891 3375 agentes
906 3290 1063 3349 morem
1075 3301 1176 3342 rerum

81 3385 119 3447 ab
131 3392 278 3453 Heraclio
285 3407 443 3475 gesseram
453 3409 483 3457 et
492 3397 565 3456 belli
576 3399 693 3458 Persici
703 3399 864 3459 continere.
891 3396 1010 3453 utinam
1020 3386 1177 3447 historltm

82 3492 179 3567 potius
194 3512 287 3575 quam
300 3502 417 3561 ieiunos
428 3502 591 3562 versiculos
603 3502 771 3580 scripsisset
778 3492 892 3574 Pisida,
914 3514 955 3556 ex
967 3492 1076 3576 quibm
1087 3507 1178 3567 saepe

83 3588 215 3654 divinare
235 3601 289 3658 vix
305 3606 402 3680 possis
422 3602 496 3686 qnid
517 3606 583 3685 ipse
602 3605 722 3663 sentiat.
766 3600 902 3663 Oudinus
929 3598 1031 3658 omnia
1057 3588 1179 3652 Pisidae

83 3710 173 3775 opera
184 3717 205 3757 a
218 3700 313 3761 fluida
328 3716 492 3766 memorata
508 3716 627 3766 exstare
643 3707 677 3763 in
690 3702 872 3764 bibliotheca
884 3703 1028 3762 Vaticana
1044 3714 1084 3755 ex
1098 3692 1179 3752 Mel·

82 3801 150 3857 treti
167 3804 354 3881 praefatione
372 3810 406 3867 in
424 3810 606 3889 Psooopium
627 3806 787 3882 didicerat,
811 3803 867 3865 sed
882 3805 949 3885 ipse
967 3818 1087 3884 quoque
1111 3810 1182 3855 cum

82 3898 161 3962 (lare
174 3906 207 3964 iu
220 3928 355 3971 errorem
366 3910 514 3971 adductus
530 3912 687 3970 bbwrsom
700 3909 738 3968 de
747 3907 835 3968 rebus
849 3906 991 3967 Heraclii
1001 3903 1090 3963 nobis
1105 3898 1179 3958 reli·

83 4003 184 4082 <luisse
203 4008 339 4072 Pisidanr
359 4016 555 4075 existimarit.
596 4012 686 4088 inde,
708 4013 877 4088 attentio,
899 4026 1004 4070 eornm
1026 4012 1108 4064 om!
1135 4008 1181 4059 θεῖ

83 4125 178 4185 error,
200 4110 283 4191 qnod
304 4126 373 4175 ante
395 4118 569 4176 bleltretnm
591 4136 632 4177 ex
650 4114 763 4177 suidas
775 4124 863 4174 textu
877 4132 940 4188 non
955 4110 1028 4170 setis
1041 4108 1181 4187 liqueret,

85 4230 163 4294 quae
188 4228 290 4278 noster
313 4220 459 4301 Georgius
487 4229 585 4280 metro
613 4216 754 4281 adstricta
776 4228 807 4277 et
826 4234 904 4300 quae
926 4214 1026 4275 soluta
1046 4208 1181 4271 oratione
