2792 4709
224 173 400 258 comen
423 174 481 240 oa
504 173 766 242 nnmerum
791 179 1005 250 commu.
1087 177 1167 258 139·

143 341 217 406 518.
262 342 301 400 cf.
320 345 335 404 1
351 343 419 401 llor-
441 344 463 406 6
486 340 537 405 16.

142 429 218 492 622.
261 426 331 486 ride
344 427 493 486 Hexai'm.
515 425 536 490 4
556 423 616 491 lot
641 439 671 486 et
692 427 765 494 600.

142 512 231 576 625:
261 513 403 592 angelon,
426 515 478 594 qui
492 522 572 571 stent
583 531 638 591 pro
651 516 790 573 lleraclio
804 523 906 574 contra
920 512 1102 594 chosroam,
1124 529 1158 580 ut

30 594 211 673 quondam
227 597 317 658 adeo
334 609 480 658 steterunt
496 596 572 656 duce
586 597 735 659 turbatio
754 597 933 680 archangelo
949 612 1051 662 contra
1065 607 1156 663 [ruoi-

31 681 166 740 ferum.
196 686 297 764 angeli
310 687 402 760 anim,
423 695 457 768 ut
469 687 512 743 ait
523 682 623 744 David
636 685 724 744 Paul.
742 690 803 752 102
816 690 868 764 20,
885 697 1020 765 potenter
1034 691 1157 764 vitute,

21 766 202 844 facientes
212 769 337 830 vabrum
350 769 446 829 illim.
1172 794 1175 802 ’

141 853 217 918 627.
260 875 315 937 per
325 853 401 915 haec
415 854 475 914 duo
488 855 615 914 flumina
627 857 735 914 Parma
747 865 777 914 et
786 855 911 931 Abaraa,
928 857 981 940 qui
991 865 1063 916 tuno
1073 869 1157 917 erant

34 934 160 997 hoster
172 943 321 1017 Heraclii,
344 941 497 1021 designat:
518 959 591 998 nam
604 940 645 1000 ad
658 944 769 999 latrum
784 953 818 1000 ut
830 943 996 1022 plurimum
1009 953 1074 1001 acta
1088 953 1159 1002 runt

33 1023 138 1082 bella
152 1038 255 1087 oonua
266 1029 390 1104 Aburea,
414 1037 445 1086 et
454 1024 621 1086 (thoracam
633 1039 716 1086 trans
729 1029 848 1107 Tigrim
860 1028 965 1108 fugere
980 1031 1079 1108 coegit
1093 1031 1157 1088 lle-

37 1111 178 1169 rucliua.
220 1111 290 1172 ride
302 1111 523 1193 Theophanem
532 1133 569 1191 p.
585 1115 658 1176 269.

141 1198 216 1262 628.
258 1196 328 1257 ride
344 1199 442 1257 Euod-
459 1203 478 1262 7
501 1202 554 1261 20.

141 1285 217 1346 631.
259 1282 330 1343 vide
345 1303 436 1363 aupra
448 1303 479 1342 v.
496 1284 546 1346 12.
599 1292 684 1362 putet
702 1292 803 1342 autem
821 1281 955 1344 Pirldam
973 1282 1051 1344 illud
1069 1285 1157 1343 Pauli

39 1365 163 1444 Sergio
184 1373 395 1428 convenienter
415 1364 656 1444 accommodare,
691 1369 759 1428 Cor.
779 1371 797 1432 1
819 1373 839 1433 5
861 1375 899 1437 σε
930 1389 984 1450 ego
999 1370 1157 1448 plantavi,

42 1451 174 1530 Apollo
188 1456 315 1535 tagram,
335 1455 409 1514 derra
420 1466 523 1514 autem
534 1457 749 1513 incrementum
765 1455 857 1514 dedit.

140 1538 218 1603 537.
261 1561 353 1622 quem
366 1539 417 1599 hic
425 1539 528 1600 Piuida
543 1541 704 1619 allegorice
716 1540 812 1598 filium
824 1541 922 1618 Sergii
935 1538 1077 1620 appellat,
1093 1558 1158 1598 erre

43 1622 156 1681 lilium
171 1628 304 1685 lleraolii
315 1647 379 1686 nou
393 1624 507 1686 dubito.
549 1626 647 1684 isfuit
659 1626 713 1684 ille
727 1627 848 1684 Flaviur
861 1627 1083 1700 Constantinus,
1105 1628 1160 1706 qui

45 1709 168 1767 Numa
185 1713 399 1771 Oomtantrirue
414 1711 512 1771 dictur
525 1721 572 1770 eat
592 1722 622 1771 et
640 1712 674 1769 in
690 1715 792 1769 numia
805 1711 971 1769 Heracliae
988 1711 1160 1770 constantie

44 1817 114 1852 nuo
135 1809 326 1878 nuncupatur
345 1800 507 1857 invenitur.
549 1799 628 1856 circa
641 1815 755 1855 annum
769 1799 831 1860 680
846 1797 1023 1875 Gregoriam
1036 1798 1160 1854 Nicetae

46 1883 177 1959 patricii
187 1883 292 1961 lilium,
309 1885 373 1942 iam
385 1903 404 1942 a
416 1885 528 1943 teucria
540 1883 712 1962 unguiculis
724 1882 782 1942 albi
793 1879 1013 1962 desponsatam,
1034 1882 1067 1938 in
1078 1898 1160 1939 uxo-

46 1985 122 2026 rem
138 1967 238 2028 duxit.
280 1987 346 2028 ram
363 1967 455 2028 mffit
472 1967 659 2049 Nicephorur
681 1977 758 2048 patr.
780 1989 814 2046 p.
838 1967 890 2032 15.
932 1970 1034 2047 itaque
1055 1967 1161 2044 opinor

45 2052 194 2112 Piridam
213 2053 327 2114 idcirco
346 2057 391 2114 ita
407 2057 638 2114 (lonrtantinum
656 2052 708 2112 hic
730 2055 859 2134 alloqui,
889 2063 923 2112 ut
942 2053 1042 2111 fausta
1058 2051 1161 2109 omnia

49 2144 195 2216 augustia
207 2143 325 2220 sponsis
339 2140 559 2220 adprecaretur,
575 2159 652 2220 quor
661 2149 765 2198 tamen
778 2140 970 2198 matrimonio
986 2139 1160 2196 coniunctos

49 2243 118 2282 nou
133 2225 230 2284 inimo
244 2226 374 2306 legimur
386 2229 420 2285 in
432 2224 540 2285 eodem
551 2223 731 2304 Nicephoro,
747 2226 807 2284 uiri
819 2235 980 2306 postquam
994 2222 1160 2294 Heraclius,
1220 2217 1223 2222 ’

50 2311 207 2369 exstincto
222 2308 425 2387 iamch'orroo
439 2321 470 2370 et
484 2331 558 2390 pace
570 2329 641 2369 cum
654 2313 719 2370 eim
734 2310 796 2371 filio
804 2309 891 2369 Siroa
903 2310 992 2384 fucta,
1015 2303 1161 2368 ePerrida

50 2397 154 2457 victor
161 2396 414 2480 trimnphunrque
426 2399 612 2477 remigravit.

222 2609 995 2693 DEBERACLIADE

441 2753 769 2816 montrum

142 2905 336 2969 [lemeliador
347 2909 514 2989 inscriptio,
535 2926 629 2990 quarn
640 2904 713 2965 huic
725 2903 893 2984 poematio,
915 2898 1160 2960 duaburtantum

56 2993 230 3051 acroaribur
244 2992 468 3073 comprehenso,
479 2997 580 3074 poauit
592 2991 707 3066 Pisida,
723 2989 797 3071 quid
811 3004 958 3066 magnum
970 2987 1060 3066 plana
1071 2981 1161 3042 ride·

56 3085 110 3133 tur
118 3079 216 3154 prima
229 3075 327 3137 fronte
338 3081 485 3158 polliceri.
513 3077 641 3139 Iliadem
655 3080 738 3135 enim
752 3085 783 3132 et
796 3073 971 3153 Mysorum,
991 3066 1160 3128 Aeneidem

57 3171 90 3218 et
105 3159 314 3239 Thebaidem,
344 3167 465 3246 aliaque
482 3163 658 3224 huiuamodi
675 3181 745 3220 cum
757 3161 941 3218 Graecorum
953 3167 1020 3214 tum
1032 3156 1160 3213 Latino-

58 3265 129 3304 rum
140 3253 281 3325 poemata
295 3252 387 3328 longo
405 3249 534 3310 deducta
547 3251 616 3324 filo,
644 3248 735 3307 facile
755 3247 814 3305 ribi
833 3245 960 3325 quiaque
974 3245 1007 3300 in
1024 3247 1159 3298 mentem

58 3333 222 3392 revocabit.
244 3332 299 3392 red
310 3354 416 3396 vereor
427 3355 466 3395 ne
481 3339 534 3416 qui
548 3337 630 3394 tituli
642 3330 841 3413 amplitudine
858 3340 961 3407 captur
975 3323 1050 3407 quid
1060 3324 1159 3384 simile

59 3435 79 3472 ι
92 3416 197 3476 riute
208 3431 378 3498 exspectat,
401 3439 485 3500 arpe
499 3419 612 3479 dicidat
625 3437 697 3494 rua,
721 3437 791 3477 cum
803 3433 901 3496 neque
918 3413 1089 3491 scriptionis
1103 3428 1159 3486 ge-

57 3521 119 3560 nus
144 3521 244 3584 nequa
270 3511 395 3584 poeseos
413 3510 603 3566 maiestatem
619 3523 721 3585 neque
747 3521 864 3575 rarum,
893 3517 971 3578 quae
991 3503 1159 3568 narrantur,

59 3589 238 3664 gravitatem
252 3601 412 3670 conceptae
422 3595 524 3652 rtatim
536 3593 672 3671 opinioni
684 3591 757 3649 aafir
771 3597 854 3645 etex
870 3600 966 3664 aequo
979 3577 1159 3659 respondere

59 3674 220 3732 invenerit.
263 3687 294 3734 at
305 3676 408 3736 Pisida
422 3677 561 3758 quidem,
585 3679 619 3735 ni
631 3675 733 3750 fallor,
755 3669 843 3730 eade
859 3677 1025 3727 causatum
1040 3666 1159 3744 specio-

59 3776 131 3815 aum
143 3761 266 3818 titulum
279 3763 342 3820 mia
353 3761 436 3820 lriace
447 3763 616 3822 acroaribua
628 3760 788 3839 inscripsit,
809 3757 860 3815 vel
873 3756 944 3834 quia
958 3750 996 3811 de
1011 3748 1166 3809 Chorroae·

61 3841 199 3920 excidio,
226 3844 311 3926 quod
324 3867 429 3906 eorum
445 3850 583 3906 omnium
599 3865 677 3927 quae
696 3845 735 3904 ab
748 3843 887 3901 Heraclio
910 3847 995 3918 gestu
1012 3845 1082 3896 rrmt
1100 3835 1160 3892 fuit

62 3946 140 4005 opu!
154 3933 340 4008 maximmn,
369 3950 458 4012 agero
468 3934 659 4013 potiarimum
671 3929 806 4002 volebat,
838 3924 920 4007 quod
934 3941 1006 3984 rana
1022 3940 1062 3980 ex
1079 3921 1160 3978 eiur-

64 4010 138 4069 dem
148 4015 229 4072 tituli
241 4019 451 4096 explicatione,
466 4018 510 4092 εἰς
521 4015 578 4100 τήν
590 4017 708 4081 τελείαν
719 4017 834 4078 πτῶσιν
847 4003 997 4092 Xooodoo,
1017 4005 1051 4065 lit
1060 4006 1161 4064 maui-

62 4098 193 4174 ffflfflmi
221 4101 271 4158 Vel
287 4105 359 4182 quia
377 4106 509 4163 Heraclii
528 4103 718 4183 imperatoria
740 4119 787 4159 rer
808 4097 958 4181 ringulae,
987 4109 1062 4174 quar
1076 4097 1161 4170 pout·

65 4201 161 4266 quum
174 4203 268 4264 regno
285 4188 399 4267 potitur
418 4199 464 4248 ert
487 4189 641 4270 praeclare
660 4187 772 4267 gemit,
810 4186 955 4260 attingere
976 4195 1011 4237 ao
1029 4174 1161 4236 delibare
