2792 4709
218 189 291 282 164'
476 151 686 294 cursous
711 207 758 274 n
783 205 1059 274 rmtscusms

301 379 375 458 ¹sor.
417 366 494 523 fao’
513 371 617 437 «osus
635 357 938 454 promiscuos,
959 383 994 434 us
1015 371 1088 432 uus
1107 369 1197 454 αμες
1211 387 1247 434 01
1261 373 1337 456 αμα
1367 350 1368 365 '

238 463 440 526 mmmm.

215 484 237 544 p
302 551 376 610 212.
418 544 550 626 plurime
571 543 724 604 Ghosroae
737 544 851 623 palutio
864 554 1070 603 memorentur
1081 544 1115 601 iu
1130 541 1336 625 Theophane

217 635 255 693 ab
285 631 424 691 iierselio
454 649 574 706 eversu,
602 649 680 712 quse
697 632 818 690 Persico
840 631 964 690 nomine
984 628 1227 708 distinguuntur.
1273 652 1333 690 nou

217 721 307 798 longe
325 736 343 776 u
359 713 545 796 Dastagerd,
568 714 759 790 uiridem,
782 727 846 775 erat
864 717 1012 796 palatium
1025 714 1194 774 Bebdmcls
1210 737 1333 774 nunus-

215 795 337 884 petum,
360 800 471 884 dequo
485 804 574 879 itap.
592 803 671 866 268:
692 800 713 865 d
728 790 870 882 βαααῖεαῖς
882 801 1018 882 ῖπῆῖθαν
1030 797 1163 874 εῖςᾶῖῖυ
1175 797 1334 864 viduor

215 885 250 954 sd
284 881 498 971 insityc'prvov
529 881 686 968 Βεβδραὶχ·“
710 886 764 949 καὶ
786 891 877 951 ταῦτα
897 884 1159 964 καταστρέψαντας
1178 885 1242 949 παὶ
1259 887 1332 968 πυρὶ

215 971 400 1054 παραδόντες
413 966 609 1053 εὔχαρῖσααυυ
622 975 665 1058 spi
675 976 752 1059 θεῷ.
782 982 812 1031 at
823 973 915 1054 poulo
928 983 998 1054 post
1011 970 1095 1031 idem
1104 969 1331 1052 Theophanes,

217 1063 399 1119 enumeratis
412 1059 585 1138 ingentibus
597 1055 710 1119 divitiis
723 1077 801 1140 quse
815 1061 849 1118 in
862 1055 1066 1139 Dsstagerdse
1079 1058 1205 1138 palatiis
1220 1061 1330 1118 iuren-

217 1155 265 1204 tue
285 1155 370 1222 suut,
393 1147 452 1204 ait:
475 1143 616 1225 ἐποίησεν
637 1142 657 1208 d
675 1141 950 1226 βασιλεύρααῑπὶα
964 1141 1074 1227 ἑορτήν
1086 1147 1148 1206 ταῖν
1162 1147 1285 1247 porreir
1300 1144 1331 1206 ir

216 1229 391 1315 Δασταγὲρὸ
489 1229 542 1292 sci
561 1227 835 1312 καταστρέψαντα
853 1233 910 1293 τοῦ
936 1223 1072 1312 Χυαρὸυυ
1090 1233 1249 1306 ammae,
1269 1229 1330 1292 ssi·

217 1336 315 1396 αματα
334 1316 483 1399 ὖπέρπμα
502 1312 575 1380 ’ὄντα
595 1310 825 1398 ααὶθαυμαατᾶ
840 1309 1151 1397 retransmisi,
1173 1311 1261 1394 dues
1277 1315 1330 1389 ἔις

215 1399 351 1481 ῖδαὶφυυς
373 1407 534 1479 καθεῖλεν,
555 1401 608 1464 ἵνα
627 1398 716 1486 udin
740 1396 882 1484 Χυαρόης
903 1397 971 1466 αἶαν
989 1398 1090 1466 rso'ros
1107 1395 1192 1480 εἶχον
1209 1403 1249 1465 αἱ
1261 1399 1329 1463 Ῥι-

215 1492 304 1570 unios
315 1492 380 1551 ταῖν
393 1481 512 1551 πόλεων
527 1485 744 1569 ῖρημυυμῖνωυ
758 1481 833 1569 παρ’
849 1481 948 1552 sisso
960 1485 1014 1550 sui
1026 1486 1302 1568 nopscioupim.

300 1573 374 1638 224.
417 1575 572 1652 eleganter
586 1593 640 1652 per
653 1575 905 1653 prosopopoeiam
917 1577 1022 1652 iguem
1034 1571 1223 1652 gaudentem
1236 1570 1328 1630 indu-

216 1659 274 1732 cit,
297 1655 380 1738 quod
392 1657 430 1715 sb
443 1659 538 1738 impio
550 1661 712 1718 Persarum
725 1659 808 1718 cultu
821 1659 913 1719 fuerit
929 1660 1090 1735 liberatus,
1113 1655 1257 1717 debitum
1272 1655 1326 1715 dec

215 1741 363 1802 honorem
383 1743 442 1803 sibi
464 1746 610 1822 praestari
631 1763 721 1823 segre
737 1745 897 1804 ferentem.
939 1748 983 1804 its
1001 1763 1096 1823 supra
1112 1743 1249 1802 Aes-our.
1270 1747 1285 1805 1
1306 1747 1327 1806 6

217 1841 246 1886 et
259 1850 340 1910 seqq.
387 1828 483 1888 solem
497 1838 528 1887 et
539 1830 645 1888 lunam
661 1827 770 1888 ecdem
784 1828 823 1890 de
837 1849 926 1891 causa
939 1833 1049 1910 gestire
1064 1849 1099 1888 se
1113 1829 1224 1888 laeteri
1238 1829 1326 1886 iube-

216 1916 278 1972 bat.
318 1915 417 1974 simile
431 1924 534 1973 sutem
546 1924 592 1974 est
603 1913 681 1974 illud
690 1917 782 1975 Penii
794 1917 886 1975 Rom.
903 1921 925 1982 8
945 1919 1005 1980 21:
1027 1917 1102 1996 quia
1116 1925 1146 1971 et
1157 1917 1229 1994 ipra
1242 1934 1326 1972 ersa·

217 2011 286 2058 tum
311 1999 488 2060 ictuatum·
508 2017 530 2062 a
551 2001 691 2060 servum
704 2005 904 2082 oomspts'ons's
917 2004 951 2062 s'rr
963 1999 1100 2060 ls‘dsertm
1111 1998 1324 2082 gloriuefilso-

215 2105 285 2142 rum
296 2085 354 2146 dei.
502 2093 506 2105 '

302 2176 374 2237 227.
419 2174 459 2232 ci.
477 2169 515 2233 da
528 2171 649 2255 Exped.
663 2177 787 2237 Acrces.
804 2182 824 2242 3
846 2179 879 2245 5.
1367 2220 1368 2247 ἢ

300 2261 375 2322 230.
419 2280 455 2319 eo
467 2259 606 2340 frigidior
619 2263 709 2322 nobis
722 2261 881 2322 ridebatur
892 2261 984 2323 huius
997 2260 1142 2342 permitit
1159 2260 1321 2326 conclusio.

215 2339 298 2422 quod
315 2340 463 2405 Chosroes
478 2365 540 2405 nou
553 2350 625 2427 igue
639 2348 813 2408 combustm
826 2351 926 2429 periit.
969 2351 1116 2409 miserum
1130 2365 1227 2426 genus
1241 2363 1322 2402 mor·

215 2430 271 2502 tis,
301 2428 384 2510 quod
404 2432 512 2508 subiit,
538 2442 639 2492 namet
659 2431 867 2514 Theophanes
882 2457 920 2517 p.
944 2437 1019 2498 272.
1061 2429 1118 2493 sed
1137 2443 1173 2491 ut
1195 2428 1319 2500 ridetur,
1366 2498 1367 2509 ,

215 2511 318 2573 Pisida
331 2517 464 2576 intentus
477 2520 510 2575 in
522 2515 675 2578 laudande
686 2521 880 2600 potissimum
891 2523 1004 2600 pietate
1015 2517 1150 2578 Heraclii
1162 2513 1241 2575 iilud
1252 2533 1320 2594 pras

215 2600 321 2658 ceteris
345 2601 552 2678 commendat,
587 2602 669 2685 quod
691 2607 854 2666 Persarum
877 2609 989 2688 scepsis
1011 2604 1125 2685 ubique
1147 2601 1321 2663 subverterit

215 2684 395 2761 imperator,
422 2697 456 2745 ut
481 2687 554 2746 alibi
577 2686 691 2749 dictum
712 2702 769 2751 est.
818 2701 904 2752 tantu
924 2692 1008 2748 enim
1027 2689 1088 2748 fuit
1108 2691 1271 2747 Persarum
1287 2687 1318 2741 in

215 2769 318 2848 ignem
340 2771 465 2849 religio,
487 2782 522 2831 ut
544 2775 637 2832 etium
655 2795 763 2856 regum
776 2778 890 2857 paistia
907 2781 1019 2857 πυρεῖα
1033 2772 1222 2848 dicerentur,
1242 2767 1317 2852 quud
1365 2826 1366 2835 ,

98 2897 102 2902 .
214 2853 334 2912 nullum
350 2865 429 2915 esset
442 2858 507 2916 siue
521 2859 635 2938 templo
649 2861 809 2940 palatium.
851 2881 945 2945 quere
961 2871 996 2920 ut
1009 2857 1044 2918 id
1059 2860 1159 2918 obiter
1170 2875 1316 2925 monesru,
1365 2848 1366 2885 ³

215 2938 391 3019 corrigenda
414 2953 460 3002 est
480 2945 563 3002 Porti
579 2949 678 3006 versio
696 2948 731 3005 in
750 2945 864 3024 suida,
895 2949 949 3029 qui
978 2948 1108 3005 auctoris
1127 2939 1168 3003 de
1185 2941 1318 3002 Heneiio

215 3026 372 3088 scribentis
385 3030 419 3086 iu
431 3049 502 3087 voce
513 3036 640 3112 secpsius
652 3033 756 3110 verbs,
778 3030 799 3096 d
811 3030 845 3096 ii
852 3029 1026 3115 Ἡράκλειος
1038 3025 1093 3104 τός
1105 3053 1139 3093 ss
1153 3023 1259 3101 redisse
1269 3049 1319 3088 w·

214 3105 307 3194 θήρα
321 3111 375 3176 sui
388 3108 426 3176 sd
438 3121 549 3196 πυρεῖα
564 3114 721 3201 διέστραφα
733 3121 796 3181 ταῖν
809 3121 939 3200 Παραυῖα
946 3160 956 3195 ,
976 3119 1020 3176 its
1032 3118 1139 3190 vertit,
1162 3112 1319 3173 amun

214 3211 283 3252 suro
308 3207 337 3253 ei
356 3197 445 3257 urbes
462 3199 623 3260 demum
643 3215 687 3262 est
704 3215 733 3262 et
747 3203 888 3283 αραυιιῖαα
904 3204 1079 3264 Persarum.
1123 3218 1202 3259 nem
1216 3201 1318 3280 πυρεῖα

214 3298 276 3336 non
300 3292 371 3339 suut
389 3284 542 3362 speculae,
563 3306 620 3346 uec
638 3301 736 3350 turres
758 3310 775 3348 e
793 3290 904 3372 quibus
920 3290 1001 3369 iguis
1019 3283 1253 3362 accenderetur,
1271 3279 1318 3342 sed

213 3364 305 3442 plene
318 3369 433 3446 templa
447 3371 512 3446 igni
524 3388 618 3430 sacra.
660 3377 763 3434 minus
777 3375 927 3434 sberrerit
941 3394 960 3432 s
974 3393 1057 3450 vero,
1078 3369 1133 3432 sed
1145 3391 1214 3430 rem
1224 3383 1318 3429 tenen

215 3469 277 3507 uon
303 3453 417 3530 attigit,
447 3453 610 3515 Scacchius
632 3459 761 3518 Macte.
781 3465 803 3525 2
825 3460 883 3534 48,
909 3462 962 3542 qui
984 3456 1043 3518 hoe
1062 3459 1241 3518 testimonio
1255 3473 1318 3514 usus

216 3545 263 3595 est
284 3534 398 3596 Suidse
419 3549 454 3597 ut
477 3541 618 3621 probaret
634 3549 762 3625 πυρεῖυα
779 3547 954 3626 ergns‘ficare
969 3545 1089 3626 s'gru'um
1103 3541 1320 3622 recepmculuss

214 3621 259 3680 ud
274 3619 552 3704 suffisnugrotiones,
575 3629 658 3708 quod
674 3630 763 3708 apud
781 3651 837 3689 nos
854 3629 1046 3689 mmmmm
1060 3639 1089 3686 et
1102 3629 1320 3708 thymiana

214 3706 278 3766 dict
288 3719 396 3786 potest.
442 3709 498 3770 sed
520 3724 554 3772 ut
576 3711 615 3772 sd
635 3714 773 3774 Pisidmn
791 3714 969 3791 redeamus,
991 3725 1109 3774 certum
1123 3724 1171 3773 e'st
1188 3735 1261 3773 eum
1277 3711 1320 3771 hic

215 3796 363 3872 respicere
387 3791 427 3852 cd
447 3796 614 3878 stupendae
629 3811 795 3862 structurae
812 3803 980 3882 palatium,
1001 3797 1085 3882 quod
1102 3798 1255 3860 Ghosroes
1269 3795 1320 3857 in·

214 3878 281 3936 buit
296 3879 518 3960 Dastogerdae,
541 3886 699 3947 Heraclius
715 3896 817 3946 sutem
829 3885 968 3946 funditus
986 3884 1100 3945 delerit
1113 3895 1207 3966 atque
1220 3888 1318 3944 iucen-

215 3962 277 4038 dit,
299 3963 383 4046 quod
399 3967 444 4024 ibi
464 3969 560 4050 impio
575 3971 658 4030 cultu
670 3974 751 4051 iguis
763 3990 826 4030 una
837 3973 931 4032 simui
944 3991 1015 4031 cum
1029 3969 1165 4031 Chosros
1184 3969 1317 4031 eduram-

216 4058 276 4123 tur,
293 4060 327 4108 ut
338 4051 429 4131 paulo
445 4064 514 4112 ante
528 4075 558 4113 v·
573 4059 636 4121 220
650 4059 806 4116 innuimus
821 4077 862 4116 ex
875 4054 1078 4138 Theophene.
1108 4075 1185 4116 num
1199 4061 1318 4134 πυρεῖαν

216 4133 365 4212 templum
384 4137 436 4196 rel
454 4139 602 4217 palatium
623 4143 703 4221 iguis
722 4153 856 4202 erectum
874 4141 1096 4222 Dastagerdue‚
1118 4159 1199 4224 quse
1221 4157 1316 4220 regum

216 4215 357 4280 Persidos
370 4219 458 4284 sedes
466 4224 536 4303 init,
557 4227 649 4308 louge
662 4229 732 4289 aliis
743 4231 949 4310 sumptuosius
963 4249 1000 4290 ac
1011 4229 1146 4290 nobilius
1157 4227 1254 4289 fuisse
1264 4243 1316 4286 ucu
