2792 4709
490 187 736 290 neomuto.
1144 191 1169 291 ν’

52 464 120 506 neo
142 443 245 504 minus
266 449 369 503 tamen
389 435 430 502 ad
447 439 527 502 bene
546 439 695 522 beateque
710 433 876 500 vivendum
887 437 1071 517 necessaria,
1093 457 1167 500 ccu-

53 574 183 642 vertes,
214 582 250 624 ao
276 560 432 622 literarum
457 569 580 621 tuarum
607 558 776 622 salubritati
797 555 996 641 dignitatique
1017 560 1165 621 consoles.

55 686 151 747 venit
172 683 254 748 euim
273 677 352 740 mihi
371 681 405 740 in
424 691 573 758 mentem,
602 681 656 762 qui
680 689 752 739 tuus
778 689 848 739 ante
875 699 988 760 paucos
1009 676 1074 741 dies
1094 701 1167 761 par-

57 806 122 865 tim
144 823 164 863 a
183 821 234 862 me
254 799 375 861 auditus
395 802 506 882 partim
526 800 564 860 ab
586 800 654 860 aliis
675 808 820 880 exceptus
839 819 938 861 sermo
957 799 1066 879 fuerit,
1098 819 1169 860 cum

57 935 100 985 tu
121 919 203 982 illud
220 920 415 1003 profitebere,
444 918 523 982 nibil
541 919 598 982 tibi
618 921 732 1002 gratim
752 939 888 1002 unquam
908 921 1061 982 exstitisse
1079 921 1169 982 bonis

60 1044 183 1103 artibus
204 1041 372 1124 artiumque
391 1039 510 1122 peritis,
528 1059 629 1124 nequo
648 1042 682 1101 in
702 1050 874 1124 posterum,
895 1061 956 1126 quo
976 1045 1075 1101 maior
1094 1041 1169 1104 aub-

60 1160 192 1226 terendi
212 1169 290 1224 esset
309 1159 454 1241 facultas,
474 1161 538 1222 ulla
557 1161 591 1220 in
611 1181 644 1220 ro
666 1156 850 1224 defuturum.

154 1281 357 1357 Quamobrem
389 1291 424 1342 ut
455 1282 520 1342 eius
548 1282 631 1344 vocis
659 1281 837 1364 consiliique
863 1280 1068 1357 meminisses,
1098 1291 1171 1340 tan-

65 1419 165 1488 quam
192 1375 412 1462 admonitorem
438 1401 568 1482 allegavi
595 1398 800 1482 Nicephorum
833 1411 987 1479 nostrum3
1026 1401 1080 1482 qui
1113 1399 1171 1460 tibi

65 1541 142 1584 cum
161 1521 302 1603 privatim
323 1521 371 1581 sui
390 1531 457 1582 tum
478 1521 632 1582 communi
651 1522 775 1580 nomine
797 1520 952 1581 literarum
971 1522 1171 1603 patrocinium

67 1641 219 1720 deferret,
247 1641 339 1702 simul
359 1643 451 1702 etiam
471 1651 605 1724 rogaret,
632 1638 716 1725 quod
733 1641 768 1701 in
786 1641 825 1702 iis
844 1638 1006 1701 mutandis
1025 1639 1171 1722 profiten-

68 1761 180 1844 disque
207 1769 308 1822 nostra
337 1763 464 1822 societas
490 1763 639 1840 elaboret,
670 1772 789 1843 partem
813 1771 849 1821 ut
875 1757 916 1820 ad
942 1781 1011 1820 eam
1036 1761 1169 1842 aliquam

68 1877 273 1942 solicitudinis
299 1877 392 1943 buius
418 1881 707 1963 benevolentiaeque
725 1879 919 1958 uensferres3
950 1891 984 1940 ut
1003 1881 1042 1940 iia
1062 1881 1172 1962 qubus

68 2019 164 2081 saepe
183 1999 292 2060 iactata
312 2009 359 2060 est
378 2001 524 2062 molestiis
544 2001 702 2083 porismate
719 2019 783 2061 non
802 2010 867 2060 tana
881 2002 949 2080 ipsa
962 2001 1173 2081 conquiescere

69 2121 184 2203 possit,
212 2135 304 2201 quam
324 2129 356 2180 et
375 2108 519 2181 ecclesia‘e
540 2119 647 2181 officiis
668 2121 807 2180 omnibus
828 2129 859 2180 et
880 2117 1083 2180 doctrinarum
1105 2129 1173 2181 stu-

71 2239 135 2300 diis
155 2239 268 2319 vigiliis
287 2237 500 2323 laboribusque
521 2240 584 2302 ruis
606 2238 756 2301 commodi
776 2237 894 2323 aliquid
905 2237 1022 2300 efferre.
1065 2237 1104 2298 de
1122 2259 1174 2298 me

69 2377 147 2420 vero
167 2354 250 2442 quod
268 2360 430 2440 praecipue
456 2361 608 2443 postulem
626 2357 706 2419 nihil
726 2368 802 2437 est,·
820 2359 882 2420 nisi
908 2369 943 2420 ut
970 2355 1113 2418 audaciae
1140 2357 1176 2416 in

71 2491 108 2541 te
126 2477 345 2560 interpellando
365 2499 452 2540 meaa
473 2480 518 2541 sio
535 2482 674 2561 ignoscas
693 2490 729 2539 ut
749 2480 846 2538 amori
866 2496 937 2559 erga
956 2487 993 2536 te·
1007 2475 1175 2537 volomtati·

72 2619 138 2686 que
156 2601 270 2662 ureae.
291 2599 369 2660 vale.
410 2599 547 2664 Lutetiae
567 2599 663 2662 Paris.
684 2602 707 2666 6
725 2595 790 2660 kal.
811 2597 895 2682 Sept.
916 2617 946 2659 a.
967 2595 998 2662 d.
1021 2600 1115 2664 1616·
