2792 4709
217 221 269 293 96
655 218 718 289 DU
745 214 887 287 canon

219 385 312 492 pendi
325 384 495 491 praecepit.
517 384 597 468 βῆῖα
610 408 749 471 sempr
737 389 793 467 ‘pa
806 382 940 453 altresi
949 374 1169 493 κρεμασθῆναι,
1189 384 1326 451 timores-

218 468 348 553 ῖᾶμενος
361 478 427 545 ταῖς
442 472 580 555 γυναιξὶν
594 470 636 547 οῖς
650 472 736 547 ειυς
752 471 867 548 ἔξω
823 495 885 534 suu
897 465 1001 553 βήλαν
1011 464 1101 556 α’φθῇ
1115 464 1326 534 dsusvmouou

218 565 276 668 τῆς
299 558 388 630 θείας
408 559 593 641 λειτουργίας
605 556 792 661 γινομένης,
813 555 998 633 lectricum
1019 577 1075 636 ιης
1094 554 1254 637 Muciae
1271 554 1327 619 sci

219 637 429 722 οῗιιοινοὶνιμον
451 641 562 726 μένειν.
604 644 638 703 in
658 642 909 718 catechumeniis,
930 660 966 700 ac
982 639 1088 701 dextra
1106 662 1210 703 eorum
1225 644 1327 721 potie-

218 734 331 791 simum
356 738 455 808 parte,
487 738 604 788 coactas
631 728 763 811 synodos
786 748 849 789 uon
871 728 966 789 semel
988 728 1129 806 legimus.
1184 738 1327 789 octavam

218 819 301 875 enim
323 812 475 895 synodum
496 814 529 878 ἐν
546 820 611 889 τοῖς
635 815 745 892 δεξιοῖς
768 812 869 895 μέρεσι
891 816 955 876 τοῖν
980 814 1240 893 amaxopodes
1267 816 1329 875 sori

218 895 416 980 περιωνύμου
437 904 515 963 osori
532 904 588 979 τῆς
606 904 664 963 rosi
685 904 766 963 croi
785 900 895 978 σοφῖος
914 898 1095 958 celebratam
1110 900 1203 959 fuisse
1220 908 1328 957 auctor

219 996 266 1045 est
278 988 397 1045 Nicetes
412 984 590 1087 Paphlago'
580 1004 613 1043 m
626 988 695 1045 Vita
709 986 818 1063 ignatii
831 982 1017 1064 patriarchae
1034 985 1093 1043 GP.
1126 995 1226 1045 exuat
1242 982 1329 1065 apud

219 1072 467 1131 Leunclavium
458 1092 490 1129 m
511 1072 643 1173 Synopsi
660 1072 753 1131 Basil.
772 1069 924 1129 decretum
937 1068 1061 1150 synodi,
1083 1068 1328 1152 προκαθημένου

219 1160 277 1219 τοῦ
302 1149 471 1239 αγιωτᾶτου
496 1150 640 1219 Ἰωάννου
664 1148 876 1263 πατριάρχου
872 1154 904 1219 ἐν
924 1161 989 1229 τοῖς
1009 1156 1118 1229 δεξιοῖς
1140 1153 1242 1237 μέρεσι
1263 1158 1330 1215 ταῖν

219 1243 497 1323 ιιαιηχουμινιῖων,
523 1236 778 1322 ιιυνιδριαζόνοων
791 1234 876 1325 udrpi
889 1235 1122 1317 πανιιραιᾶιαν
1138 1245 1329 1320 μητροπολι-

219 1331 290 1391 τοῖν.
336 1326 484 1385 eandem
474 1330 702 1408 macriptionem
716 1326 847 1407 praefert
853 1302 1017 1385 Michaelis
1034 1326 1179 1385 Ceurlarii
1194 1328 1330 1404 patriar-

221 1410 297 1471 chae
319 1410 358 1470 de
376 1414 508 1492 proiecto
523 1415 646 1493 pittacio
662 1412 831 1486 decretum,
854 1409 935 1491 apud
949 1412 1095 1471 Allatium
1109 1412 1234 1469 imsert.
1250 1409 1329 1473 ade

221 1500 290 1558 Lib.
314 1499 387 1557 eccl.
412 1499 517 1556 Graec.
559 1500 592 1557 in
617 1497 850 1557 catechumeuiis
864 1496 994 1577 denique
1009 1494 1171 1575 Sophianis
1186 1494 1331 1577 quando-

223 1604 284 1665 que
307 1593 440 1643 coactam
460 1583 583 1663 plebem
598 1594 700 1644 namet
716 1586 828 1643 Paulus
842 1584 992 1642 Diaconus
1006 1584 1118 1642 illator.
1133 1584 1219 1641 Misc.
1233 1582 1257 1641 l.
1274 1585 1330 1645 21.

225 1689 283 1728 nec
303 1670 430 1744 mirum,
453 1689 523 1728 cum
547 1672 648 1751 ampla
669 1668 834 1729 admodum
854 1679 920 1727 tum
940 1665 1099 1726 latitudine
1114 1678 1180 1727 tum
1192 1669 1332 1746 longitu-

225 1752 297 1813 dine
319 1764 436 1830 essent,
457 1757 503 1812 nti
521 1774 599 1813 mox
619 1774 662 1815 ex
679 1756 817 1813 aeriarum
832 1751 872 1814 ad
888 1754 951 1813 alas
966 1756 1046 1816 ναοιῖ
1062 1755 1257 1812 existentium
1273 1750 1331 1810 de-

226 1842 388 1919 scriptione
401 1840 542 1921 colligere
553 1850 610 1899 est.
652 1858 741 1920 porro
755 1858 897 1918 magnam
909 1840 1073 1918 porticum,
1096 1857 1173 1920 qnae
1184 1856 1245 1897 una
1258 1858 1330 1896 cum

224 1926 344 1984 bemate
368 1936 400 1984 et
419 1927 491 1983 tecti
511 1937 651 2005 parteex
665 1934 861 1985 terraemotu
876 1935 1042 1999 corruerat,
1064 1943 1142 1983 anno
1166 1934 1332 2004 antequam

222 2015 351 2070 Ioannes
374 2012 599 2070 Cantacuzenus
619 2013 800 2091 Byzantium
824 2011 967 2090 cepisset,
998 2010 1176 2069 instauravit
1194 2012 1331 2089 primum

222 2100 313 2155 Anna
335 2099 527 2175 imperatrix,
548 2094 715 2156 Andronici
733 2097 908 2175 Palaeologi
927 2092 1035 2169 ridua3
1064 2098 1114 2153 cui
1133 2092 1331 2174 postmodum

224 2183 309 2261 operi
321 2183 387 2261 ipse
401 2182 626 2241 cnutacnzenus
645 2202 681 2241 ac
701 2180 829 2263 denique
843 2186 970 2243 loannes
984 2182 1182 2261 Palaeologus
1194 2183 1331 2261 impera-

224 2276 304 2325 tores
327 2276 494 2324 extremam
516 2286 642 2327 manum
661 2269 843 2350 imposuere.
886 2286 951 2326 rem
969 2267 1106 2347 pluribus
1127 2278 1229 2326 namet
1245 2264 1331 2325 idem

223 2352 448 2412 (iantacuzenus
469 2350 489 2415 4
513 2350 545 2415 4·
611 2393 616 2402 .

309 2440 361 2502 39.
402 2441 507 2518 Neque
528 2449 632 2497 tamen
652 2447 734 2497 recta
757 2439 840 2498 linea
859 2434 1025 2517 procedunt
1042 2438 1074 2496 in
1093 2438 1233 2495 interiora
1253 2435 1331 2495 aede

223 2524 367 2602 porticus.
410 2542 482 2581 uam
507 2526 587 2582 inter
607 2536 748 2605 quattuor
770 2527 899 2583 maiores
919 2525 996 2603 pilas
1019 2524 1056 2581 ab
1076 2534 1203 2603 utroque
1223 2522 1332 2596 latere,

224 2606 265 2666 ad
287 2606 447 2667 meridiem
469 2620 499 2668 et
521 2609 560 2669 ad
579 2614 832 2689 septentrionem,
856 2611 898 2666 ita
912 2610 996 2668 velut
1012 2608 1077 2667 alae
1092 2626 1241 2687 appensae
1260 2618 1333 2667 sunt

223 2704 285 2751 tres
306 2695 393 2751 aulae
414 2695 571 2754 inferiores
585 2705 617 2753 et
628 2694 757 2754 totidem
771 2696 953 2773 superiores,
974 2704 1010 2752 ut
1027 2694 1064 2752 ab
1080 2696 1142 2753 imo
1155 2694 1333 2773 pavimento

118 2787 141 2839 Ρ
158 2782 212 2841 ⁵52
226 2797 297 2857 pars
311 2781 366 2836 iila
381 2777 464 2838 aedis
481 2782 606 2839 interior
618 2790 648 2837 et
660 2778 778 2855 medie,
800 2782 907 2857 ingens
923 2790 1076 2854 ctericus,
1096 2776 1238 2859 procedat
1253 2798 1336 2858 qua-

227 2862 312 2921 drata
335 2882 431 2943 usque
456 2862 497 2921 ad
522 2874 711 2923 curvaturam
733 2867 923 2944 superiorum
944 2866 1096 2939 aularum,
1122 2862 1231 2923 deinde
1253 2866 1335 2921 intra

226 2959 295 3010 octo
314 2950 392 3028 pilas
411 2952 444 3006 iu
463 2961 584 3009 oratam
598 2950 729 3007 fonnem
746 2947 953 3025 contrahatur,
975 2948 1125 3031 usquead
1141 2961 1336 3009 curvaturam

225 3044 367 3117 quattuor
394 3054 518 3093 arcuum
544 3036 758 3094 sustinentium
785 3032 1051 3115 hemisphaerium.
1094 3035 1175 3094 unde
1197 3035 1231 3093 fit
1249 3044 1286 3093 ut
1307 3037 1337 3093 si

226 3140 296 3200 pars
318 3120 371 3178 illa
397 3120 600 3180 consideretur
619 3118 835 3201 comprehensa
857 3123 936 3180 intra
955 3124 1032 3201 pilas
1050 3132 1082 3179 et
1097 3123 1269 3197 columnas,
1291 3123 1334 3179 sit

226 3206 325 3264 forma
338 3216 441 3280 orata3
464 3208 491 3265 si
505 3226 576 3265 vero
590 3216 653 3264 tam
666 3210 745 3265 iutra
760 3226 851 3288 quam
868 3217 953 3267 extra
967 3209 1044 3285 pilae
1058 3209 1269 3286 perspiciatur,
1292 3210 1334 3264 sit

227 3288 386 3373 quadrata.
430 3292 515 3349 aulas
528 3294 600 3350 istas
614 3292 755 3351 cubicula
769 3302 877 3351 vocant
896 3294 1071 3371 scriptores,
1094 3311 1223 3372 quorum
1239 3311 1335 3351 usum

228 3374 370 3434 describit
391 3377 537 3435 Paulinus
558 3377 646 3456 epist.
670 3380 726 3452 12,
748 3378 801 3437 ubi
820 3376 858 3435 de
881 3378 996 3456 templo
1015 3378 1048 3437 S.
1066 3378 1175 3437 Felicis
1194 3377 1334 3437 Nolano:

226 3460 368 3520 cubicula
382 3463 465 3518 ιἰιιιια
475 3464 612 3539 portione
624 3473 771 3542 quaterna
780 3462 880 3543 longis
893 3460 1037 3521 basilicae
1048 3462 1193 3521 lateribus
1203 3464 1335 3533 ἰιιοινια,

225 3547 344 3604 secretu
359 3548 510 3603 ονωιιέιινπ
525 3547 576 3607 νεῖ
589 3549 622 3605 in
638 3548 704 3629 lege
722 3549 839 3608 domni
852 3548 1075 3621 meditantium,
1094 3558 1252 3626 praeterea
1268 3568 1336 3604 me-

225 3633 328 3689 moriis
341 3631 549 3711 religiosorum
561 3632 815 3713 ocsamilrorium
828 3634 1066 3692 accommodatae
1080 3634 1124 3692 ad
1132 3637 1223 3712 pacis
1234 3644 1337 3691 ceter-

225 3736 284 3775 nae
296 3720 427 3796 requiem
439 3718 519 3776 locor
529 3718 683 3797 praebent.
716 3722 891 3781 Anastasius
901 3721 934 3777 in
948 3718 1054 3799 Sergio
1066 3720 1133 3777 PP:
1156 3719 1207 3777 hic
1222 3728 1337 3777 tectum

120 3820 124 3827 ’
226 3812 255 3860 αι
271 3800 413 3861 cubiculo
428 3805 570 3863 universa
591 3808 624 3864 in
643 3808 772 3864 circuitu
793 3804 935 3864 boodioae
956 3805 998 3863 B.
1022 3804 1120 3863 Pauli
1140 3804 1271 3882 apostoli
1289 3836 1337 3849 ·-
1377 3856 1378 3861 ,

225 3888 388 3947 rudimen
413 3893 571 3948 renovarit
592 3912 631 3949 αα
658 3892 821 3969 reparavit.
868 3888 1015 3951 eiusmodi
1040 3890 1246 3949 cubiculorum
1270 3910 1336 3948 non

224 3974 321 4034 semel
343 3974 417 4033 alibi
438 3978 593 4050 meminit,
615 3996 634 4035 a
655 3978 764 4057 quibus
777 3976 962 4055 capellarum
975 3987 1162 4050 nostrarum,
1185 3978 1232 4035 uti
1249 3994 1334 4033 nunc

226 4060 433 4140 appellantur,
456 4062 539 4140 origo
560 4020 679 4121 videtur
701 4061 869 4165 desumpta.
913 4062 1042 4125 οἱιιῖσιιοι
1059 4020 1246 4121 dicuuiurS.
1263 4061 1334 4119 Nilo

225 4144 267 4203 ad
288 4144 538 4225 olympiodorum
557 4148 772 4226 praefectum
763 4168 796 4205 m
818 4148 1025 4228 Descriptione
1045 4148 1152 4227 templi
1168 4148 1205 4206 ab
1224 4143 1335 4205 eodem

226 4230 442 4313 Olympiodoro
458 4234 619 4295 exsecuti:
641 4231 675 4297 is
691 4228 726 4298 di
740 4236 786 4323 spi
803 4256 897 4319 κοινμ
885 4234 990 4321 clep
1007 4237 1131 4311 πολλοῖς
1147 4230 1202 4299 sci
1219 4224 1337 4313 διαφό-
