2792 4709
333 208 393 279 an
416 203 699 285 utonucsuu
722 184 879 285 cosm
1103 208 1156 281 ss

28 373 270 457 inscripserint.
311 370 367 435 sed
386 372 466 435 iilud
486 386 552 436 erat
570 390 704 437 enoreut
720 394 822 437 errore
839 374 989 456 corrigere
999 371 1051 435 rel
1062 376 1157 437 reteri

28 467 150 543 potius
164 479 284 524 uorum
297 460 469 523 adstrueres
490 478 563 523 nam
576 472 607 521 et
620 459 775 524 Phocaeil
793 460 927 521 edmero
941 471 1044 521 contra
1056 459 1156 521 bisto-

28 552 105 608 riue
134 547 233 608 fidem
255 557 315 622 est,
343 566 437 629 quem
458 557 575 609 constat
597 550 618 614 8
637 545 752 607 solidos
775 566 888 623 sucos,
918 548 998 607 binis
1018 551 1155 628 exceptis

28 635 225 709 mensibus,
246 634 403 713 implesse,
423 634 469 691 uti
490 633 627 713 pluribus
648 642 754 713 postea
773 629 1054 695 demo-sumimus
1099 633 1154 695 sed
1194 660 1198 666 ·

28 732 69 781 et
87 722 286 779 Constantini
298 720 446 779 moesus
462 718 496 777 id
511 736 615 779 remus
631 715 754 793 indicat,
1020 750 1025 757 ·

219 798 274 883 ἐφ’
288 798 373 878 ὅλοις
387 800 482 867 ἔτεσιν
495 796 571 867 desei
585 797 718 884 βιαίσαξ,
737 824 775 864 sc
875 820 938 890 σας.

28 898 71 949 et
87 908 133 947 ne
149 889 196 949 sic
210 884 334 971 quidem
345 888 569 971 insequentium
580 902 729 948 morum
741 890 815 948 vitia
829 908 864 947 su
885 890 946 947 leta
956 897 1039 948 sunt.
1080 905 1154 947 nem

28 976 185 1034 Heraclii
207 977 338 1055 prlmus,
359 977 387 1035 si
407 977 575 1033 Romanam
594 972 793 1033 Indictionem
813 989 955 1055 sequere,
977 972 1018 1032 sd
1032 971 1155 1037 lime·

28 1062 105 1120 iori
119 1080 163 1119 ex
177 1072 262 1139 parte
278 1059 459 1119 miscendus*
468 1069 523 1119 est.
565 1056 716 1119 secundm
729 1061 805 1118 item
816 1061 942 1124 cum14
957 1058 1154 1141 copulandus,
1177 1080 1180 1087 ·

29 1165 119 1207 oum
135 1164 180 1205 ex
192 1146 247 1205 illa
260 1164 379 1205 menses
391 1148 523 1223 integros
538 1148 576 1222 9,
597 1164 638 1203 ex
653 1142 712 1203 hac
725 1154 785 1203 tres
802 1138 860 1203 sibi
874 1143 1066 1205 solummodo
1079 1164 1157 1204 ren-

31 1228 143 1289 dicet.
188 1232 302 1311 alioqui
319 1241 349 1291 et
365 1228 485 1290 Phocoe
509 1234 543 1305 1,
564 1232 619 1311 qui
639 1232 846 1311 sesquimense
861 1230 927 1288 iere
943 1231 1154 1288 Heraclianum
1241 1228 1244 1236 ²

32 1313 201 1395 epocham
221 1316 372 1396 sequitur,
393 1334 471 1374 euno
493 1334 554 1395 quo
573 1317 671 1394 coepit
688 1319 751 1379 602
771 1307 948 1375 tribuendus
963 1315 1038 1391 fuit,
1060 1332 1154 1396 quem

34 1400 147 1461 iidem
160 1402 211 1459 illi
228 1403 365 1459 Mauricii
380 1403 423 1464 20
439 1404 546 1459 merito
564 1411 786 1481 nuncuparunt.
845 1433 849 1439 ·

138 1488 200 1545 Par
209 1484 281 1545 huic
296 1498 328 1544 et
342 1486 441 1544 affinis
457 1504 538 1543 error
550 1487 582 1543 in
599 1488 758 1545 Iustiniani
773 1501 869 1543 onnus
881 1481 990 1543 iisdem
1005 1482 1044 1543 de
1056 1486 1155 1545 musis

37 1573 190 1651 irrepsit,
212 1570 294 1652 quod
316 1572 401 1629 suuis
424 1568 535 1630 christi
550 1572 613 1631 sive
632 1572 756 1629 Iulianis
773 1582 837 1628 tam
852 1567 1054 1630 indictionum
1069 1572 1157 1630 initis

41 1676 147 1739 quum
160 1657 282 1736 imperii
295 1674 442 1715 annorum
454 1650 587 1735 epochae
601 1671 760 1735 perperam
770 1657 937 1734 illigantur.
978 1666 1096 1715 creatus
1110 1667 1157 1716 est

42 1744 238 1803 lastinianus
259 1744 422 1821 imperator
439 1737 586 1801 kalendas
608 1742 721 1820 Aprilis
739 1739 906 1799 Indicticue
924 1741 958 1814 6,
981 1759 1000 1798 a
1021 1753 1083 1822 quc
1105 1740 1156 1800 dle

43 1840 175 1907 tempus
194 1828 315 1907 imperii
334 1836 523 1901 numeretur,
545 1838 579 1885 ut
597 1828 687 1886 estin
701 1823 907 1885 Alexandrino
918 1824 1076 1885 chronico:
1098 1825 1156 1885 ad-

44 1912 238 1991 stipulantur
259 1922 289 1971 et
308 1905 513 1991 Theophanes
536 1931 571 1970 ac
590 1913 784 1973 Marcellinus
803 1912 836 1969 in
856 1909 1015 1971 ctmnteo.
1058 1929 1156 1971 annus

46 2008 121 2059 erat
135 1995 245 2056 Christi
259 1996 338 2074 527,
359 2014 420 2077 quo
437 1995 563 2057 indictio
575 1997 596 2061 6
608 1998 795 2077 Septembris
806 1995 1010 2056 antecedentis
1021 1999 1092 2054 anni
1105 2000 1157 2055 iu-

48 2078 163 2143 chcsts
180 2080 319 2141 decurrit.
361 2080 451 2142 huius
467 2084 654 2161 imperatoris
672 2101 701 2140 a.
717 2082 738 2148 6
747 2126 756 2159 ,
777 2094 811 2142 ut
830 2090 875 2141 est
892 2081 975 2161 opud
988 2080 1157 2161 Theopha-

48 2188 129 2228 nem
149 2165 315 2227 Alexandr.
336 2165 447 2227 Cbrou.
466 2177 497 2227 et
517 2169 608 2243 ullos,
633 2166 800 2227 Indictioue
814 2169 855 2232 10
877 2170 985 2247 ingens
1002 2168 1089 2247 cpoli
1104 2178 1157 2227 tu-

50 2256 170 2313 multus
191 2253 227 2312 ab
246 2255 397 2313 Anutnsil
414 2254 574 2332 nepotibus
593 2255 759 2328 excitatur,
782 2269 874 2333 quem
891 2252 985 2312 iidem
1000 2254 1049 2311 illi
1062 2254 1157 2313 fusis—

51 2343 134 2401 sime
147 2336 328 2398 describuut.
361 2356 457 2397 annus
469 2336 520 2397 bic
531 2341 564 2397 iu
577 2338 736 2398 annalibus
748 2348 793 2395 est
804 2335 916 2419 christi
928 2337 1004 2412 5813
1026 2336 1060 2395 id
1074 2336 1158 2418 quod

52 2428 150 2484 etism
169 2425 316 2483 Calvisius
336 2432 455 2481 secutus
478 2434 533 2483 est.
576 2434 607 2481 at
630 2426 713 2483 enim
732 2439 802 2481 cum
819 2420 947 2481 indictio
963 2426 1081 2489 tonos
1096 2426 1158 2483 uisi

54 2530 86 2571 a.
107 2510 167 2575 681
189 2508 358 2590 Septembri
380 2526 483 2567 meuse
504 2510 606 2567 inierit
626 2506 793 2589 eademque
811 2523 839 2565 e.
854 2508 917 2572 632
928 2518 1092 2587 propagsta
1106 2512 1156 2584 sit,

53 2614 179 2655 necesse
193 2606 239 2655 est
253 2592 432 2654 seditionem
447 2595 533 2653 illum
551 2591 610 2652 hoc
624 2595 788 2673 posteriore
800 2602 895 2668 auno,
916 2595 943 2651 si
961 2592 1085 2672 quidem
1102 2597 1157 2654 lu-

55 2684 154 2741 lienos
169 2682 338 2762 sequimur,
361 2680 532 2759 contigisse.
575 2678 656 2760 quod
675 2690 705 2738 et
720 2680 863 2738 feriarum
881 2675 1065 2738 characteres
1084 2698 1158 2738 cou-

55 2768 177 2825 firmsnt
195 2768 228 2825 iu
248 2766 340 2824 Alex.
360 2762 507 2824 Chronico
533 2764 586 2823 ubi
610 2766 672 2828 778
692 2762 752 2825 hoc
769 2779 848 2823 unuo
863 2765 995 2822 Ianuarii
1008 2766 1048 2827 16
1061 2764 1157 2823 Pure-

57 2870 148 2913 sceue
161 2850 253 2912 fuisse
266 2850 420 2927 scribitur,
442 2860 472 2909 et
484 2852 623 2933 sequenti
637 2848 685 2909 die
698 2850 873 2924 ssbbatum,
894 2848 965 2907 iude
983 2852 1022 2914 18
1036 2849 1086 2909 die
1100 2851 1158 2909 do·

57 2937 209 2995 miricam.
253 2933 310 2995 hoc
332 2954 403 2995 vero
428 2953 490 2996 uon
511 2936 598 2995 elteri
614 2934 743 3017 quadrat
762 2953 855 3017 quam
874 2932 939 2999 532
956 2952 1051 3013 suno,
1072 2938 1158 3018 cyclo

59 3022 133 3083 solis
148 3024 167 3086 9
185 3022 350 3095 bissextili,
371 3022 460 3081 litere
474 3018 554 3080 dom.
569 3022 608 3079 D.

144 3108 190 3166 Ab
212 3105 270 3166 hoo
291 3107 374 3165 fonte
395 3108 427 3164 in
449 3107 524 3166 ulios
546 3102 682 3165 eiusdem
702 3104 891 3184 imperatoris
914 3120 1009 3163 annos
1023 3100 1158 3164 derivata

61 3202 132 3253 suut
143 3194 224 3253 vitia.
267 3190 322 3251 sed
337 3193 456 3270 insigne
469 3189 527 3251 hoc
539 3200 585 3251 est
596 3210 667 3270 prae
680 3192 796 3248 ceteris.
839 3206 918 3247 anno
931 3191 1090 3248 Iustiniani
1104 3192 1156 3267 19,

61 3276 166 3339 indict.
184 3282 204 3341 9
229 3274 328 3337 adhuc
350 3278 488 3353 labente,
512 3274 620 3337 eccidit
633 3274 785 3356 paschatis
800 3266 988 3353 διαστροφή,
1009 3285 1044 3332 ut
1056 3276 1160 3335 scribit

62 3362 212 3423 Gedrenus
226 3382 260 3422 ac
272 3360 488 3443 Theophanes.
530 3360 635 3436 huius,
658 3363 712 3442 qui
724 3358 861 3419 noudum
874 3357 972 3418 editus
984 3367 1044 3436 est,
1065 3362 1160 3420 rerba

64 3450 233 3510 subiiciumt
256 3448 309 3511 uel
325 3447 438 3531 ἐγένετο
456 3443 575 3525 σεισμός
588 3445 679 3529 μέγας
691 3446 725 3509 ἐν
735 3446 901 3530 Βυζαντίῳ,
925 3442 977 3506 καὶ
990 3443 1159 3528 διαστροφαὶ

65 3533 133 3616 περὶ
149 3538 203 3597 τοῦ
224 3532 312 3616 cipioc
328 3528 438 3615 πάσχα.
480 3532 533 3595 sul
550 3532 695 3613 ἐποίησαν
708 3532 742 3595 cl
754 3533 847 3613 δῆμον
858 3526 916 3611 τὴν
927 3524 1158 3610 deceptusque

66 3618 137 3701 μηνὶ
158 3620 364 3701 Φεβρουαρίων
385 3628 423 3683 Δ.
466 3614 530 3684 ὅδὲ
543 3614 685 3701 decusis
697 3617 878 3697 προσέταξεν
889 3612 992 3697 ἑτέραν
1003 3612 1159 3697 ἑβδομάδα

65 3708 218 3786 πραθῆναι
231 3702 313 3785 κρέα,
334 3702 386 3767 sul
398 3699 509 3778 sederes
523 3704 555 3767 ol
566 3708 746 3785 κρεσσπαῖλαν
758 3702 893 3780 ἔσφαξαν
904 3698 956 3763 καὶ
968 3699 1157 3780 προέθηκαν,

66 3790 117 3854 sul
136 3783 232 3863 edisio
252 3782 398 3871 ἠγόραζεν
418 3786 489 3853 οὔτε
503 3785 623 3871 ἤσθιεν.
664 3784 702 3853 ed
718 3783 752 3850 tt
766 3782 867 3867 πάσχα
880 3784 1003 3868 γέγονεν
1018 3782 1060 3859 cie
1075 3784 1159 3867 δβα-

68 3871 162 3949 csiuls
173 3874 338 3951 ἐκέλευσεν,
359 3872 411 3939 καὶ
424 3873 538 3958 εὑρέθη
553 3874 572 3937 d
584 3870 658 3948 iude
669 3865 826 3954 νηστεύων
841 3866 996 3951 ἑβδομάδα
1006 3864 1158 3952 περιττήν.

68 3964 197 4041 egregius
220 3980 291 4020 sune
311 3962 411 4036 locus,
437 3970 467 4021 et
481 3979 571 4043 quem
589 3960 627 4018 sb
645 3958 785 4019 omnibus
800 3958 932 4035 intelligi
947 3957 1037 4015 etiam
1051 3957 1158 4015 Graeci

69 4050 204 4108 sermonis
217 4048 329 4126 ignaris
342 4050 476 4105 interest.
505 4064 597 4127 quare
611 4046 675 4103 eius
685 4046 960 4124 interpretationem
971 4060 1012 4100 ex
1020 4042 1158 4101 listscelle

69 4131 253 4193 subscribam.
297 4144 325 4191 ct
336 4132 445 4213 factm
466 4140 511 4196 eat
529 4141 722 4190 terraemotus
741 4150 872 4209 mugiuit
895 4126 983 4207 epau
1001 4137 1031 4185 st
1048 4130 1157 4186 ενενεεσ

70 4218 116 4277 die
134 4228 231 4277 εαπασα
247 4218 393 4297 puaellae,
414 4228 443 4278 ct
464 4220 560 4297 eoepit
576 4216 689 4297 vulgus
706 4214 855 4277 chetim
868 4234 891 4273 a
904 4210 1047 4273 mnibus
1058 4223 1157 4272 mense
