<?xml version="1.0" encoding="UTF-8"?>
<!DOCTYPE html PUBLIC "-//W3C//DTD XHTML 1.0 Transitional//EN"
    "http://www.w3.org/TR/xhtml1/DTD/xhtml1-transitional.dtd">
<html xmlns="http://www.w3.org/1999/xhtml" xml:lang="en" lang="en">
 <head>
  <title>
</title>
<meta http-equiv="Content-Type" content="text/html;charset=utf-8" />
  <meta name='ocr-system' content='tesseract 3.04.00' />
  <meta name='ocr-capabilities' content='ocr_page ocr_carea ocr_par ocr_line ocrx_word'/>
</head>
<body>
  <div class='ocr_page' id='page_1' title='image "./corpusscriptoru71theogoog_0407.png"; bbox 0 0 2792 4709; ppageno 0'>
   <div class='ocr_carea' id='block_1_1' title="bbox 364 190 1153 264">
    <p class='ocr_par' dir='ltr' id='par_1_1' title="bbox 364 190 1153 264">
     <span class='ocr_line' id='line_1_1' title="bbox 364 190 1153 264; baseline -0.014 -6"><span class='ocrx_word' id='word_1_1' title='bbox 364 190 410 258; x_wconf 83' lang='grc' dir='ltr'><strong>ιιι</strong></span> <span class='ocrx_word' id='word_1_2' title='bbox 431 190 603 259; x_wconf 77' lang='lat' dir='ltr'><strong>aarum</strong></span> <span class='ocrx_word' id='word_1_3' title='bbox 621 192 851 263; x_wconf 80' lang='lat' dir='ltr'><strong>svrmcuu.</strong></span> <span class='ocrx_word' id='word_1_4' title='bbox 1081 190 1153 264; x_wconf 78' lang='lat'><strong>137</strong></span> 
     </span>
    </p>
   </div>
   <div class='ocr_carea' id='block_1_2' title="bbox 24 356 1173 3935">
    <p class='ocr_par' dir='ltr' id='par_1_2' title="bbox 24 356 1156 863">
     <span class='ocr_line' id='line_1_2' title="bbox 24 356 1155 439; baseline 0.002 -24"><span class='ocrx_word' id='word_1_5' title='bbox 24 356 200 438; x_wconf 85' lang='lat' dir='ltr'><strong>ribusque</strong></span> <span class='ocrx_word' id='word_1_6' title='bbox 213 356 295 415; x_wconf 86' lang='lat' dir='ltr'><strong>male</strong></span> <span class='ocrx_word' id='word_1_7' title='bbox 309 358 430 416; x_wconf 88' lang='lat' dir='ltr'><strong>cesserit</strong></span> <span class='ocrx_word' id='word_1_8' title='bbox 441 358 598 431; x_wconf 85' lang='lat' dir='ltr'><strong>sententia,</strong></span> <span class='ocrx_word' id='word_1_9' title='bbox 619 358 653 417; x_wconf 93' lang='lat' dir='ltr'><strong>in</strong></span> <span class='ocrx_word' id='word_1_10' title='bbox 666 375 758 439; x_wconf 89' lang='lat' dir='ltr'><strong>quam</strong></span> <span class='ocrx_word' id='word_1_11' title='bbox 771 376 876 417; x_wconf 87' lang='lat' dir='ltr'><strong>omnes</strong></span> <span class='ocrx_word' id='word_1_12' title='bbox 891 366 1098 434; x_wconf 76' lang='lat' dir='ltr'><strong>convenerant,</strong></span> <span class='ocrx_word' id='word_1_13' title='bbox 1120 366 1155 417; x_wconf 84' lang='lat' dir='ltr'><strong>ut</strong></span> 
     </span>
     <span class='ocr_line' id='line_1_3' title="bbox 26 442 1154 524; baseline 0 -23"><span class='ocrx_word' id='word_1_14' title='bbox 26 442 117 501; x_wconf 89' lang='lat' dir='ltr'><strong>dato</strong></span> <span class='ocrx_word' id='word_1_15' title='bbox 133 462 196 521; x_wconf 87' lang='lat' dir='ltr'><strong>per</strong></span> <span class='ocrx_word' id='word_1_16' title='bbox 210 444 313 521; x_wconf 89' lang='lat' dir='ltr'><strong>ignem</strong></span> <span class='ocrx_word' id='word_1_17' title='bbox 326 445 413 522; x_wconf 88' lang='lat' dir='ltr'><strong>signo</strong></span> <span class='ocrx_word' id='word_1_18' title='bbox 426 442 561 523; x_wconf 87' lang='lat' dir='ltr'><strong>undique</strong></span> <span class='ocrx_word' id='word_1_19' title='bbox 574 462 678 502; x_wconf 88' lang='lat' dir='ltr'><strong>omnes</strong></span> <span class='ocrx_word' id='word_1_20' title='bbox 691 446 899 524; x_wconf 85' lang='lat' dir='ltr'><strong>irrumperent.</strong></span> <span class='ocrx_word' id='word_1_21' title='bbox 942 447 1027 504; x_wconf 89' lang='lat' dir='ltr'><strong>testis</strong></span> <span class='ocrx_word' id='word_1_22' title='bbox 1040 455 1085 503; x_wconf 90' lang='lat' dir='ltr'><strong>est</strong></span> <span class='ocrx_word' id='word_1_23' title='bbox 1097 446 1154 502; x_wconf 83' lang='lat' dir='ltr'><strong>Ni-</strong></span> 
     </span>
     <span class='ocr_line' id='line_1_4' title="bbox 27 525 1153 610; baseline 0.002 -25"><span class='ocrx_word' id='word_1_24' title='bbox 27 525 205 606; x_wconf 85' lang='lat' dir='ltr'><strong>cephorus</strong></span> <span class='ocrx_word' id='word_1_25' title='bbox 220 539 297 607; x_wconf 90' lang='lat' dir='ltr'><strong>patr.</strong></span> <span class='ocrx_word' id='word_1_26' title='bbox 310 550 345 605; x_wconf 81' lang='lat' dir='ltr'><strong>p.</strong></span> <span class='ocrx_word' id='word_1_27' title='bbox 361 534 417 602; x_wconf 81' lang='lat'><strong>123</strong></span> <span class='ocrx_word' id='word_1_28' title='bbox 440 548 480 587; x_wconf 91' lang='lat' dir='ltr'><strong>ex</strong></span> <span class='ocrx_word' id='word_1_29' title='bbox 493 548 554 609; x_wconf 89' lang='lat' dir='ltr'><strong>qno</strong></span> <span class='ocrx_word' id='word_1_30' title='bbox 568 528 730 607; x_wconf 88' lang='lat' dir='ltr'><strong>repetenda</strong></span> <span class='ocrx_word' id='word_1_31' title='bbox 745 548 822 610; x_wconf 89' lang='lat' dir='ltr'><strong>quae</strong></span> <span class='ocrx_word' id='word_1_32' title='bbox 834 538 913 587; x_wconf 88' lang='lat' dir='ltr'><strong>tacet</strong></span> <span class='ocrx_word' id='word_1_33' title='bbox 926 526 1027 588; x_wconf 88' lang='lat' dir='ltr'><strong>Pisida</strong></span> <span class='ocrx_word' id='word_1_34' title='bbox 1040 532 1072 586; x_wconf 93' lang='lat' dir='ltr'><strong>in</strong></span> <span class='ocrx_word' id='word_1_35' title='bbox 1085 529 1153 587; x_wconf 88' lang='lat' dir='ltr'><strong>lan-</strong></span> 
     </span>
     <span class='ocr_line' id='line_1_5' title="bbox 30 611 1155 694; baseline 0 -23"><span class='ocrx_word' id='word_1_36' title='bbox 30 611 154 671; x_wconf 88' lang='lat' dir='ltr'><strong>daudo</strong></span> <span class='ocrx_word' id='word_1_37' title='bbox 172 624 292 672; x_wconf 89' lang='lat' dir='ltr'><strong>tantum</strong></span> <span class='ocrx_word' id='word_1_38' title='bbox 304 614 409 692; x_wconf 86' lang='lat' dir='ltr'><strong>Sergio</strong></span> <span class='ocrx_word' id='word_1_39' title='bbox 423 624 594 693; x_wconf 84' lang='lat' dir='ltr'><strong>occupatus.</strong></span> <span class='ocrx_word' id='word_1_40' title='bbox 636 612 804 693; x_wconf 88' lang='lat' dir='ltr'><strong>Nicephoro</strong></span> <span class='ocrx_word' id='word_1_41' title='bbox 819 612 1016 694; x_wconf 67' lang='lat' dir='ltr'><strong>adstipulatur</strong></span> <span class='ocrx_word' id='word_1_42' title='bbox 1027 612 1155 673; x_wconf 81' lang='lat' dir='ltr'><strong>Chroni-</strong></span> 
     </span>
     <span class='ocr_line' id='line_1_6' title="bbox 30 696 1156 781; baseline 0.002 -26"><span class='ocrx_word' id='word_1_43' title='bbox 30 718 103 755; x_wconf 86' lang='lat' dir='ltr'><strong>con</strong></span> <span class='ocrx_word' id='word_1_44' title='bbox 122 696 238 757; x_wconf 82' lang='lat' dir='ltr'><strong>Pasch.</strong></span> <span class='ocrx_word' id='word_1_45' title='bbox 247 721 284 777; x_wconf 82' lang='lat' dir='ltr'><strong>p·</strong></span> <span class='ocrx_word' id='word_1_46' title='bbox 302 700 382 774; x_wconf 80' lang='lat'><strong>724,</strong></span> <span class='ocrx_word' id='word_1_47' title='bbox 412 718 452 757; x_wconf 91' lang='lat' dir='ltr'><strong>ex</strong></span> <span class='ocrx_word' id='word_1_48' title='bbox 473 718 533 781; x_wconf 88' lang='lat' dir='ltr'><strong>quo</strong></span> <span class='ocrx_word' id='word_1_49' title='bbox 554 709 637 779; x_wconf 88' lang='lat' dir='ltr'><strong>patet</strong></span> <span class='ocrx_word' id='word_1_50' title='bbox 647 702 798 759; x_wconf 78' lang='lat' dir='ltr'>Armeniis</span> <span class='ocrx_word' id='word_1_51' title='bbox 812 701 915 779; x_wconf 88' lang='lat' dir='ltr'><strong>iguem</strong></span> <span class='ocrx_word' id='word_1_52' title='bbox 930 698 998 758; x_wconf 88' lang='lat' dir='ltr'><strong>data</strong></span> <span class='ocrx_word' id='word_1_53' title='bbox 1013 718 1103 778; x_wconf 87' lang='lat' dir='ltr'><strong>opera</strong></span> <span class='ocrx_word' id='word_1_54' title='bbox 1116 696 1156 757; x_wconf 92' lang='lat' dir='ltr'><strong>ad</strong></span> 
     </span>
     <span class='ocr_line' id='line_1_7' title="bbox 33 782 1106 863; baseline 0 -22"><span class='ocrx_word' id='word_1_55' title='bbox 33 782 166 843; x_wconf 86' lang='lat' dir='ltr'><strong>aedem</strong></span> <span class='ocrx_word' id='word_1_56' title='bbox 181 785 214 843; x_wconf 91' lang='lat' dir='ltr'><strong>S.</strong></span> <span class='ocrx_word' id='word_1_57' title='bbox 227 784 343 843; x_wconf 86' lang='lat' dir='ltr'><strong>Nicolai</strong></span> <span class='ocrx_word' id='word_1_58' title='bbox 357 784 558 844; x_wconf 70' lang='lat' dir='ltr'><strong>excitantibus</strong></span> <span class='ocrx_word' id='word_1_59' title='bbox 573 784 715 844; x_wconf 89' lang='lat' dir='ltr'><strong>barbaros</strong></span> <span class='ocrx_word' id='word_1_60' title='bbox 730 804 834 845; x_wconf 90' lang='lat' dir='ltr'><strong>omnes</strong></span> <span class='ocrx_word' id='word_1_61' title='bbox 849 784 988 863; x_wconf 86' lang='lat' dir='ltr'><strong>deceptos</strong></span> <span class='ocrx_word' id='word_1_62' title='bbox 1000 785 1106 844; x_wconf 83' lang='lat' dir='ltr'><strong>luisse.</strong></span> 
     </span>
    </p>

    <p class='ocr_par' dir='ltr' id='par_1_3' title="bbox 139 867 1155 949">
     <span class='ocr_line' id='line_1_8' title="bbox 139 867 1155 949; baseline -0.001 -21"><span class='ocrx_word' id='word_1_63' title='bbox 139 869 218 933; x_wconf 78' lang='lat'><strong>405.</strong></span> <span class='ocrx_word' id='word_1_64' title='bbox 258 870 372 929; x_wconf 84' lang='lat' dir='ltr'><strong>Abares</strong></span> <span class='ocrx_word' id='word_1_65' title='bbox 387 888 457 929; x_wconf 89' lang='lat' dir='ltr'><strong>cnm</strong></span> <span class='ocrx_word' id='word_1_66' title='bbox 474 871 537 927; x_wconf 88' lang='lat' dir='ltr'><strong>iam</strong></span> <span class='ocrx_word' id='word_1_67' title='bbox 555 874 678 949; x_wconf 91' lang='lat' dir='ltr'><strong>propius</strong></span> <span class='ocrx_word' id='word_1_68' title='bbox 693 867 733 928; x_wconf 88' lang='lat' dir='ltr'><strong>ad</strong></span> <span class='ocrx_word' id='word_1_69' title='bbox 748 870 855 929; x_wconf 89' lang='lat' dir='ltr'><strong>urbem</strong></span> <span class='ocrx_word' id='word_1_70' title='bbox 872 872 1084 943; x_wconf 70' lang='lat' dir='ltr'><strong>accessissent,</strong></span> <span class='ocrx_word' id='word_1_71' title='bbox 1114 886 1155 927; x_wconf 88' lang='lat' dir='ltr'><strong>ex</strong></span> 
     </span>
    </p>

    <p class='ocr_par' dir='ltr' id='par_1_4' title="bbox 36 953 1163 2147">
     <span class='ocr_line' id='line_1_9' title="bbox 36 953 1156 1035; baseline -0.001 -22"><span class='ocrx_word' id='word_1_72' title='bbox 36 974 84 1013; x_wconf 86' lang='lat' dir='ltr'><strong>ea</strong></span> <span class='ocrx_word' id='word_1_73' title='bbox 103 964 201 1033; x_wconf 86' lang='lat' dir='ltr'><strong>parte</strong></span> <span class='ocrx_word' id='word_1_74' title='bbox 218 954 272 1013; x_wconf 92' lang='lat' dir='ltr'><strong>ubi</strong></span> <span class='ocrx_word' id='word_1_75' title='bbox 288 955 514 1013; x_wconf 86' lang='lat' dir='ltr'><strong>celeberrimum</strong></span> <span class='ocrx_word' id='word_1_76' title='bbox 530 953 668 1035; x_wconf 76' lang='lat' dir='ltr'><strong>deiparae</strong></span> <span class='ocrx_word' id='word_1_77' title='bbox 681 958 806 1034; x_wconf 78' lang='lat' dir='ltr'><strong>virginis</strong></span> <span class='ocrx_word' id='word_1_78' title='bbox 824 954 864 1015; x_wconf 88' lang='lat' dir='ltr'><strong>ad</strong></span> <span class='ocrx_word' id='word_1_79' title='bbox 878 953 1059 1015; x_wconf 76' lang='lat' dir='ltr'><strong>blachernas</strong></span> <span class='ocrx_word' id='word_1_80' title='bbox 1075 964 1156 1013; x_wconf 89' lang='lat' dir='ltr'><strong>tem-</strong></span> 
     </span>
     <span class='ocr_line' id='line_1_10' title="bbox 36 1040 1156 1121; baseline -0.001 -24"><span class='ocrx_word' id='word_1_81' title='bbox 36 1042 142 1118; x_wconf 86' lang='lat' dir='ltr'><strong>plum</strong></span> <span class='ocrx_word' id='word_1_82' title='bbox 158 1050 350 1099; x_wconf 86' lang='lat' dir='ltr'><strong>exstructum</strong></span> <span class='ocrx_word' id='word_1_83' title='bbox 357 1050 437 1115; x_wconf 88' lang='lat' dir='ltr'><strong>erat,</strong></span> <span class='ocrx_word' id='word_1_84' title='bbox 463 1043 628 1121; x_wconf 79' lang='lat' dir='ltr'><strong>irrumpere</strong></span> <span class='ocrx_word' id='word_1_85' title='bbox 649 1044 748 1100; x_wconf 87' lang='lat' dir='ltr'><strong>conati</strong></span> <span class='ocrx_word' id='word_1_86' title='bbox 763 1050 842 1101; x_wconf 86' lang='lat' dir='ltr'><strong>sunt.</strong></span> <span class='ocrx_word' id='word_1_87' title='bbox 885 1042 1019 1099; x_wconf 71' lang='lat' dir='ltr'><strong>mnatre</strong></span> <span class='ocrx_word' id='word_1_88' title='bbox 1032 1060 1051 1097; x_wconf 85' lang='lat' dir='ltr'><strong>a</strong></span> <span class='ocrx_word' id='word_1_89' title='bbox 1064 1040 1156 1097; x_wconf 77' lang='lat' dir='ltr'><strong>Gom-</strong></span> 
     </span>
     <span class='ocr_line' id='line_1_11' title="bbox 38 1123 1157 1208; baseline -0.002 -25"><span class='ocrx_word' id='word_1_90' title='bbox 38 1124 164 1183; x_wconf 83' lang='lat' dir='ltr'><strong>befisio</strong></span> <span class='ocrx_word' id='word_1_91' title='bbox 185 1123 264 1184; x_wconf 90' lang='lat' dir='ltr'><strong>edita</strong></span> <span class='ocrx_word' id='word_1_92' title='bbox 283 1125 375 1185; x_wconf 83' lang='lat' dir='ltr'><strong>refert</strong></span> <span class='ocrx_word' id='word_1_93' title='bbox 389 1123 517 1205; x_wconf 75' lang='lat' dir='ltr'><strong>Scythas</strong></span> <span class='ocrx_word' id='word_1_94' title='bbox 535 1125 575 1184; x_wconf 91' lang='lat' dir='ltr'><strong>ad</strong></span> <span class='ocrx_word' id='word_1_95' title='bbox 592 1128 759 1207; x_wconf 86' lang='lat' dir='ltr'><strong>templum,</strong></span> <span class='ocrx_word' id='word_1_96' title='bbox 787 1124 869 1208; x_wconf 91' lang='lat' dir='ltr'><strong>quod</strong></span> <span class='ocrx_word' id='word_1_97' title='bbox 884 1129 917 1184; x_wconf 79' lang='lat' dir='ltr'><strong>iu</strong></span> <span class='ocrx_word' id='word_1_98' title='bbox 928 1124 1020 1205; x_wconf 79' lang='lat' dir='ltr'><strong>fhnte</strong></span> <span class='ocrx_word' id='word_1_99' title='bbox 1038 1133 1157 1195; x_wconf 84' lang='lat' dir='ltr'><strong>vocant,</strong></span> 
     </span>
     <span class='ocr_line' id='line_1_12' title="bbox 42 1208 1157 1292; baseline -0.003 -23"><span class='ocrx_word' id='word_1_100' title='bbox 42 1212 240 1270; x_wconf 84' lang='lat' dir='ltr'><strong>excurrisse.</strong></span> <span class='ocrx_word' id='word_1_101' title='bbox 282 1208 337 1270; x_wconf 86' lang='lat' dir='ltr'><strong>sed</strong></span> <span class='ocrx_word' id='word_1_102' title='bbox 348 1212 497 1291; x_wconf 88' lang='lat' dir='ltr'><strong>templum</strong></span> <span class='ocrx_word' id='word_1_103' title='bbox 512 1211 654 1292; x_wconf 71' lang='lat' dir='ltr'><strong>sisfhnta,</strong></span> <span class='ocrx_word' id='word_1_104' title='bbox 686 1214 770 1271; x_wconf 88' lang='lat' dir='ltr'><strong>ouius</strong></span> <span class='ocrx_word' id='word_1_105' title='bbox 790 1212 874 1271; x_wconf 87' lang='lat' dir='ltr'><strong>nulla</strong></span> <span class='ocrx_word' id='word_1_106' title='bbox 893 1213 1006 1270; x_wconf 87' lang='lat' dir='ltr'><strong>mentio</strong></span> <span class='ocrx_word' id='word_1_107' title='bbox 1021 1212 1055 1267; x_wconf 92' lang='lat' dir='ltr'><strong>iu</strong></span> <span class='ocrx_word' id='word_1_108' title='bbox 1070 1210 1157 1287; x_wconf 80' lang='lat' dir='ltr'><strong>cpoli</strong></span> 
     </span>
     <span class='ocr_line' id='line_1_13' title="bbox 43 1294 1157 1377; baseline -0.004 -22"><span class='ocrx_word' id='word_1_109' title='bbox 43 1294 245 1371; x_wconf 84' lang='lat' dir='ltr'><strong>Christiana,</strong></span> <span class='ocrx_word' id='word_1_110' title='bbox 278 1316 296 1354; x_wconf 92' lang='lat' dir='ltr'><strong>a</strong></span> <span class='ocrx_word' id='word_1_111' title='bbox 310 1294 545 1357; x_wconf 74' lang='lat' dir='ltr'><strong>blachernarum</strong></span> <span class='ocrx_word' id='word_1_112' title='bbox 559 1298 672 1377; x_wconf 87' lang='lat' dir='ltr'><strong>templo</strong></span> <span class='ocrx_word' id='word_1_113' title='bbox 686 1317 748 1356; x_wconf 90' lang='lat' dir='ltr'><strong>non</strong></span> <span class='ocrx_word' id='word_1_114' title='bbox 763 1298 856 1357; x_wconf 86' lang='lat' dir='ltr'><strong>fuisse</strong></span> <span class='ocrx_word' id='word_1_115' title='bbox 875 1294 1056 1355; x_wconf 72' lang='lat' dir='ltr'><strong>ffisiunctum</strong></span> <span class='ocrx_word' id='word_1_116' title='bbox 1069 1294 1157 1353; x_wconf 89' lang='lat' dir='ltr'><strong>colli-</strong></span> 
     </span>
     <span class='ocr_line' id='line_1_14' title="bbox 45 1379 1158 1462; baseline -0.001 -22"><span class='ocrx_word' id='word_1_117' title='bbox 45 1384 159 1461; x_wconf 83' lang='lat' dir='ltr'><strong>gimus</strong></span> <span class='ocrx_word' id='word_1_118' title='bbox 177 1401 217 1440; x_wconf 90' lang='lat' dir='ltr'><strong>ex</strong></span> <span class='ocrx_word' id='word_1_119' title='bbox 232 1380 401 1462; x_wconf 87' lang='lat' dir='ltr'><strong>Nicephoro</strong></span> <span class='ocrx_word' id='word_1_120' title='bbox 417 1384 541 1442; x_wconf 82' lang='lat' dir='ltr'><strong>Callisto</strong></span> <span class='ocrx_word' id='word_1_121' title='bbox 559 1383 599 1447; x_wconf 88' lang='lat'><strong>15</strong></span> <span class='ocrx_word' id='word_1_122' title='bbox 615 1404 642 1439; x_wconf 87' lang='lat' dir='ltr'><strong>e.</strong></span> <span class='ocrx_word' id='word_1_123' title='bbox 659 1382 699 1446; x_wconf 76' lang='lat'><strong>25</strong></span> <span class='ocrx_word' id='word_1_124' title='bbox 714 1392 743 1439; x_wconf 77' lang='lat' dir='ltr'><strong>et</strong></span> <span class='ocrx_word' id='word_1_125' title='bbox 755 1384 807 1447; x_wconf 84' lang='lat'><strong>26.</strong></span> <span class='ocrx_word' id='word_1_126' title='bbox 850 1379 901 1441; x_wconf 89' lang='lat' dir='ltr'><strong>hic</strong></span> <span class='ocrx_word' id='word_1_127' title='bbox 920 1384 1013 1459; x_wconf 89' lang='lat' dir='ltr'><strong>igitur</strong></span> <span class='ocrx_word' id='word_1_128' title='bbox 1030 1390 1096 1438; x_wconf 90' lang='lat' dir='ltr'><strong>acta</strong></span> <span class='ocrx_word' id='word_1_129' title='bbox 1112 1387 1158 1437; x_wconf 86' lang='lat' dir='ltr'><strong>est</strong></span> 
     </span>
     <span class='ocr_line' id='line_1_15' title="bbox 45 1464 1158 1547; baseline -0.003 -23"><span class='ocrx_word' id='word_1_130' title='bbox 45 1484 174 1547; x_wconf 85' lang='lat' dir='ltr'><strong>pugna.</strong></span> <span class='ocrx_word' id='word_1_131' title='bbox 216 1464 268 1525; x_wconf 91' lang='lat' dir='ltr'><strong>hic</strong></span> <span class='ocrx_word' id='word_1_132' title='bbox 287 1467 409 1546; x_wconf 89' lang='lat' dir='ltr'><strong>deipara</strong></span> <span class='ocrx_word' id='word_1_133' title='bbox 427 1468 600 1547; x_wconf 78' lang='lat' dir='ltr'><strong>cpolitanos</strong></span> <span class='ocrx_word' id='word_1_134' title='bbox 618 1466 755 1527; x_wconf 83' lang='lat' dir='ltr'><strong>defendit</strong></span> <span class='ocrx_word' id='word_1_135' title='bbox 776 1478 806 1527; x_wconf 89' lang='lat' dir='ltr'><strong>et</strong></span> <span class='ocrx_word' id='word_1_136' title='bbox 824 1468 965 1527; x_wconf 90' lang='lat' dir='ltr'><strong>barbaros</strong></span> <span class='ocrx_word' id='word_1_137' title='bbox 977 1464 1158 1545; x_wconf 81' lang='lat' dir='ltr'><strong>profligavit.</strong></span> 
     </span>
     <span class='ocr_line' id='line_1_16' title="bbox 48 1550 1159 1632; baseline -0.005 -21"><span class='ocrx_word' id='word_1_138' title='bbox 48 1572 166 1611; x_wconf 85' lang='lat' dir='ltr'><strong>omnes</strong></span> <span class='ocrx_word' id='word_1_139' title='bbox 190 1553 280 1632; x_wconf 89' lang='lat' dir='ltr'><strong>plane</strong></span> <span class='ocrx_word' id='word_1_140' title='bbox 307 1551 442 1612; x_wconf 86' lang='lat' dir='ltr'><strong>historici</strong></span> <span class='ocrx_word' id='word_1_141' title='bbox 467 1553 600 1613; x_wconf 82' lang='lat' dir='ltr'><strong>fatentur</strong></span> <span class='ocrx_word' id='word_1_142' title='bbox 623 1554 747 1632; x_wconf 81' lang='lat' dir='ltr'><strong>virginis</strong></span> <span class='ocrx_word' id='word_1_143' title='bbox 768 1553 913 1613; x_wconf 88' lang='lat' dir='ltr'><strong>miraculo</strong></span> <span class='ocrx_word' id='word_1_144' title='bbox 936 1552 1042 1610; x_wconf 90' lang='lat' dir='ltr'><strong>urbem</strong></span> <span class='ocrx_word' id='word_1_145' title='bbox 1064 1550 1159 1607; x_wconf 81' lang='lat' dir='ltr'><strong>fuisse</strong></span> 
     </span>
     <span class='ocr_line' id='line_1_17' title="bbox 49 1636 1160 1719; baseline -0.004 -24"><span class='ocrx_word' id='word_1_146' title='bbox 49 1638 231 1696; x_wconf 86' lang='lat' dir='ltr'><strong>liberatam.</strong></span> <span class='ocrx_word' id='word_1_147' title='bbox 274 1649 306 1697; x_wconf 89' lang='lat' dir='ltr'><strong>at</strong></span> <span class='ocrx_word' id='word_1_148' title='bbox 318 1636 470 1697; x_wconf 82' lang='lat' dir='ltr'><strong>Cedreuus</strong></span> <span class='ocrx_word' id='word_1_149' title='bbox 479 1660 516 1717; x_wconf 86' lang='lat' dir='ltr'><strong>p.</strong></span> <span class='ocrx_word' id='word_1_150' title='bbox 535 1636 597 1703; x_wconf 77' lang='lat'><strong>416</strong></span> <span class='ocrx_word' id='word_1_151' title='bbox 618 1641 766 1717; x_wconf 79' lang='lat' dir='ltr'><strong>virginem</strong></span> <span class='ocrx_word' id='word_1_152' title='bbox 783 1642 881 1719; x_wconf 86' lang='lat' dir='ltr'><strong>ipsam</strong></span> <span class='ocrx_word' id='word_1_153' title='bbox 895 1657 965 1695; x_wconf 86' lang='lat' dir='ltr'><strong>vere</strong></span> <span class='ocrx_word' id='word_1_154' title='bbox 984 1656 1017 1695; x_wconf 87' lang='lat' dir='ltr'><strong>sa</strong></span> <span class='ocrx_word' id='word_1_155' title='bbox 1038 1636 1160 1712; x_wconf 88' lang='lat' dir='ltr'><strong>conspi-</strong></span> 
     </span>
     <span class='ocr_line' id='line_1_18' title="bbox 51 1720 1160 1805; baseline -0.004 -24"><span class='ocrx_word' id='word_1_156' title='bbox 51 1721 202 1782; x_wconf 86' lang='lat' dir='ltr'><strong>ciendam</strong></span> <span class='ocrx_word' id='word_1_157' title='bbox 212 1720 351 1783; x_wconf 84' lang='lat' dir='ltr'><strong>hostibus</strong></span> <span class='ocrx_word' id='word_1_158' title='bbox 365 1722 484 1783; x_wconf 85' lang='lat' dir='ltr'><strong>dedisse</strong></span> <span class='ocrx_word' id='word_1_159' title='bbox 496 1734 615 1797; x_wconf 72' lang='lat' dir='ltr'><strong>namt,</strong></span> <span class='ocrx_word' id='word_1_160' title='bbox 638 1722 720 1805; x_wconf 89' lang='lat' dir='ltr'><strong>quod</strong></span> <span class='ocrx_word' id='word_1_161' title='bbox 733 1734 784 1783; x_wconf 87' lang='lat' dir='ltr'><strong>aut</strong></span> <span class='ocrx_word' id='word_1_162' title='bbox 799 1744 839 1783; x_wconf 89' lang='lat' dir='ltr'><strong>ex</strong></span> <span class='ocrx_word' id='word_1_163' title='bbox 852 1720 956 1782; x_wconf 80' lang='lat' dir='ltr'><strong>Pisida</strong></span> <span class='ocrx_word' id='word_1_164' title='bbox 970 1720 1073 1793; x_wconf 86' lang='lat' dir='ltr'><strong>finxit,</strong></span> <span class='ocrx_word' id='word_1_165' title='bbox 1095 1720 1160 1799; x_wconf 88' lang='lat' dir='ltr'><strong>qui,</strong></span> 
     </span>
     <span class='ocr_line' id='line_1_19' title="bbox 51 1802 1160 1889; baseline -0.006 -22"><span class='ocrx_word' id='word_1_166' title='bbox 51 1820 91 1867; x_wconf 86' lang='lat' dir='ltr'><strong>ut</strong></span> <span class='ocrx_word' id='word_1_167' title='bbox 103 1818 208 1889; x_wconf 88' lang='lat' dir='ltr'><strong>patet,</strong></span> <span class='ocrx_word' id='word_1_168' title='bbox 236 1812 418 1869; x_wconf 89' lang='lat' dir='ltr'><strong>militantem</strong></span> <span class='ocrx_word' id='word_1_169' title='bbox 439 1807 594 1889; x_wconf 89' lang='lat' dir='ltr'><strong>deiparam</strong></span> <span class='ocrx_word' id='word_1_170' title='bbox 611 1808 702 1885; x_wconf 80' lang='lat' dir='ltr'><strong>facit,</strong></span> <span class='ocrx_word' id='word_1_171' title='bbox 732 1819 785 1867; x_wconf 90' lang='lat' dir='ltr'><strong>aut</strong></span> <span class='ocrx_word' id='word_1_172' title='bbox 797 1828 837 1869; x_wconf 83' lang='lat' dir='ltr'><strong>ex</strong></span> <span class='ocrx_word' id='word_1_173' title='bbox 850 1806 996 1867; x_wconf 80' lang='lat' dir='ltr'><strong>Chronico</strong></span> <span class='ocrx_word' id='word_1_174' title='bbox 1010 1802 1160 1877; x_wconf 88' lang='lat' dir='ltr'><strong>Paschali,</strong></span> 
     </span>
     <span class='ocr_line' id='line_1_20' title="bbox 52 1883 1163 1977; baseline -0.003 -25"><span class='ocrx_word' id='word_1_175' title='bbox 52 1896 92 1952; x_wconf 88' lang='lat' dir='ltr'><strong>in</strong></span> <span class='ocrx_word' id='word_1_176' title='bbox 109 1914 173 1975; x_wconf 89' lang='lat' dir='ltr'><strong>quo</strong></span> <span class='ocrx_word' id='word_1_177' title='bbox 183 1916 220 1973; x_wconf 84' lang='lat' dir='ltr'><strong>p.</strong></span> <span class='ocrx_word' id='word_1_178' title='bbox 234 1896 298 1960; x_wconf 75' lang='lat'><strong>725</strong></span> <span class='ocrx_word' id='word_1_179' title='bbox 311 1897 354 1953; x_wconf 90' lang='lat' dir='ltr'><strong>ita</strong></span> <span class='ocrx_word' id='word_1_180' title='bbox 369 1896 498 1975; x_wconf 85' lang='lat' dir='ltr'><strong>legitur:</strong></span> <span class='ocrx_word' id='word_1_181' title='bbox 519 1893 571 1958; x_wconf 76' lang='lat' dir='ltr'><strong>sal</strong></span> <span class='ocrx_word' id='word_1_182' title='bbox 588 1898 678 1958; x_wconf 75' lang='lat' dir='ltr'><strong>&#39;codro</strong></span> <span class='ocrx_word' id='word_1_183' title='bbox 695 1894 793 1977; x_wconf 69' lang='grc' dir='ltr'><strong><em>ἔλεγεν</em></strong></span> <span class='ocrx_word' id='word_1_184' title='bbox 812 1892 831 1958; x_wconf 82' lang='lat' dir='ltr'><strong>d</strong></span> <span class='ocrx_word' id='word_1_185' title='bbox 850 1890 945 1965; x_wconf 72' lang='lat' dir='ltr'><strong>ditior</strong></span> <span class='ocrx_word' id='word_1_186' title='bbox 960 1883 1102 1970; x_wconf 72' lang='lat' dir='ltr'><strong>Xaydsoe</strong></span> <span class='ocrx_word' id='word_1_187' title='bbox 1117 1890 1163 1971; x_wconf 65' lang='grc' dir='ltr'><strong>τῷ</strong></span> 
     </span>
     <span class='ocr_line' id='line_1_21' title="bbox 53 1975 1161 2063; baseline -0.005 -23"><span class='ocrx_word' id='word_1_188' title='bbox 53 1985 158 2063; x_wconf 71' lang='grc' dir='ltr'><strong>καιρῷ</strong></span> <span class='ocrx_word' id='word_1_189' title='bbox 174 1983 232 2043; x_wconf 76' lang='lat' dir='ltr'><strong>rosi</strong></span> <span class='ocrx_word' id='word_1_190' title='bbox 243 1980 394 2060; x_wconf 56' lang='grc' dir='ltr'><strong>πολέμιον,</strong></span> <span class='ocrx_word' id='word_1_191' title='bbox 414 1975 462 2045; x_wconf 76' lang='grc' dir='ltr'><strong>ὅτι</strong></span> <span class='ocrx_word' id='word_1_192' title='bbox 477 1977 534 2063; x_wconf 74' lang='lat' dir='ltr'><strong>lyei</strong></span> <span class='ocrx_word' id='word_1_193' title='bbox 546 1985 657 2063; x_wconf 73' lang='lat' dir='ltr'><strong>daupei</strong></span> <span class='ocrx_word' id='word_1_194' title='bbox 669 1986 800 2063; x_wconf 71' lang='lat' dir='ltr'><strong>maiae</strong></span> <span class='ocrx_word' id='word_1_195' title='bbox 813 1979 1064 2061; x_wconf 75' lang='grc' dir='ltr'><strong>σεμνοφιροῦσαν</strong></span> <span class='ocrx_word' id='word_1_196' title='bbox 1078 1994 1161 2056; x_wconf 76' lang='lat' dir='ltr'><strong>reaps-</strong></span> 
     </span>
     <span class='ocr_line' id='line_1_22' title="bbox 55 2056 663 2147; baseline 0.007 -22"><span class='ocrx_word' id='word_1_197' title='bbox 55 2063 225 2147; x_wconf 62' lang='grc' dir='ltr'><strong>τρέχουσαν</strong></span> <span class='ocrx_word' id='word_1_198' title='bbox 238 2065 282 2139; x_wconf 72' lang='grc' dir='ltr'><strong>εἰς</strong></span> <span class='ocrx_word' id='word_1_199' title='bbox 293 2062 327 2129; x_wconf 82' lang='lat' dir='ltr'><strong>ri</strong></span> <span class='ocrx_word' id='word_1_200' title='bbox 337 2073 432 2147; x_wconf 74' lang='grc' dir='ltr'><strong><em>τεῖχος</em></strong></span> <span class='ocrx_word' id='word_1_201' title='bbox 445 2059 544 2147; x_wconf 73' lang='grc' dir='ltr'><strong><em>μόνην</em></strong></span> <span class='ocrx_word' id='word_1_202' title='bbox 558 2056 663 2129; x_wconf 70' lang='grc' dir='ltr'><strong><em>οὖσαν.</em></strong></span> 
     </span>
    </p>

    <p class='ocr_par' dir='ltr' id='par_1_5' title="bbox 146 2149 714 2231">
     <span class='ocr_line' id='line_1_23' title="bbox 146 2149 714 2231; baseline 0.004 -22"><span class='ocrx_word' id='word_1_203' title='bbox 146 2151 222 2217; x_wconf 73' lang='grc'><strong>407.</strong></span> <span class='ocrx_word' id='word_1_204' title='bbox 265 2149 361 2227; x_wconf 87' lang='lat' dir='ltr'><strong>dolis,</strong></span> <span class='ocrx_word' id='word_1_205' title='bbox 381 2154 535 2231; x_wconf 86' lang='lat' dir='ltr'><strong>periuriis,</strong></span> <span class='ocrx_word' id='word_1_206' title='bbox 557 2150 714 2211; x_wconf 85' lang='lat' dir='ltr'><strong>incendiis.</strong></span> 
     </span>
    </p>

    <p class='ocr_par' dir='ltr' id='par_1_6' title="bbox 147 2231 584 2317">
     <span class='ocr_line' id='line_1_24' title="bbox 147 2231 584 2317; baseline -0.009 -18"><span class='ocrx_word' id='word_1_207' title='bbox 147 2234 222 2299; x_wconf 78' lang='lat'><strong>408.</strong></span> <span class='ocrx_word' id='word_1_208' title='bbox 264 2236 362 2296; x_wconf 85' lang='lat' dir='ltr'><strong>codex</strong></span> <span class='ocrx_word' id='word_1_209' title='bbox 376 2236 468 2296; x_wconf 87' lang='lat' dir='ltr'><strong>babet</strong></span> <span class='ocrx_word' id='word_1_210' title='bbox 482 2231 584 2317; x_wconf 69' lang='grc' dir='ltr'>ἠξίου.</span> 
     </span>
    </p>

    <p class='ocr_par' dir='ltr' id='par_1_7' title="bbox 63 2314 1167 2914">
     <span class='ocr_line' id='line_1_25' title="bbox 149 2314 1164 2402; baseline -0.01 -18"><span class='ocrx_word' id='word_1_211' title='bbox 149 2319 223 2384; x_wconf 76' lang='lat'><strong>409.</strong></span> <span class='ocrx_word' id='word_1_212' title='bbox 266 2320 372 2381; x_wconf 88' lang='lat' dir='ltr'><strong>decem</strong></span> <span class='ocrx_word' id='word_1_213' title='bbox 382 2321 489 2381; x_wconf 88' lang='lat' dir='ltr'><strong>diebus</strong></span> <span class='ocrx_word' id='word_1_214' title='bbox 502 2334 579 2381; x_wconf 87' lang='lat' dir='ltr'><strong>terra</strong></span> <span class='ocrx_word' id='word_1_215' title='bbox 589 2322 726 2402; x_wconf 87' lang='lat' dir='ltr'><strong>marique</strong></span> <span class='ocrx_word' id='word_1_216' title='bbox 739 2328 905 2399; x_wconf 86' lang='lat' dir='ltr'><strong>pugnatum</strong></span> <span class='ocrx_word' id='word_1_217' title='bbox 917 2328 979 2378; x_wconf 86' lang='lat' dir='ltr'><strong>est:</strong></span> <span class='ocrx_word' id='word_1_218' title='bbox 996 2314 1070 2377; x_wconf 89' lang='lat' dir='ltr'><strong>dum</strong></span> <span class='ocrx_word' id='word_1_219' title='bbox 1081 2314 1164 2375; x_wconf 86' lang='lat' dir='ltr'><strong>enim</strong></span> 
     </span>
     <span class='ocr_line' id='line_1_26' title="bbox 63 2400 1164 2485; baseline -0.008 -18"><span class='ocrx_word' id='word_1_220' title='bbox 63 2406 180 2467; x_wconf 81' lang='lat' dir='ltr'><strong>Abarea</strong></span> <span class='ocrx_word' id='word_1_221' title='bbox 201 2404 330 2468; x_wconf 90' lang='lat' dir='ltr'><strong>admotis</strong></span> <span class='ocrx_word' id='word_1_222' title='bbox 347 2406 497 2466; x_wconf 88' lang='lat' dir='ltr'><strong>machinis</strong></span> <span class='ocrx_word' id='word_1_223' title='bbox 514 2407 621 2466; x_wconf 87' lang='lat' dir='ltr'><strong>urbem</strong></span> <span class='ocrx_word' id='word_1_224' title='bbox 634 2415 856 2485; x_wconf 84' lang='lat' dir='ltr'><strong>oppugnarent,</strong></span> <span class='ocrx_word' id='word_1_225' title='bbox 880 2404 979 2463; x_wconf 84' lang='lat' dir='ltr'><strong>Sclavi</strong></span> <span class='ocrx_word' id='word_1_226' title='bbox 999 2414 1028 2461; x_wconf 87' lang='lat' dir='ltr'><strong>et</strong></span> <span class='ocrx_word' id='word_1_227' title='bbox 1040 2400 1164 2478; x_wconf 72' lang='lat' dir='ltr'><strong>bulgari</strong></span> 
     </span>
     <span class='ocr_line' id='line_1_27' title="bbox 63 2483 1165 2573; baseline -0.008 -23"><span class='ocrx_word' id='word_1_228' title='bbox 63 2494 167 2571; x_wconf 80' lang='lat' dir='ltr'><strong>parvis</strong></span> <span class='ocrx_word' id='word_1_229' title='bbox 188 2496 318 2571; x_wconf 84' lang='lat' dir='ltr'><strong>navigiis</strong></span> <span class='ocrx_word' id='word_1_230' title='bbox 335 2496 416 2552; x_wconf 80' lang='lat' dir='ltr'><strong>vecti</strong></span> <span class='ocrx_word' id='word_1_231' title='bbox 437 2514 493 2573; x_wconf 87' lang='lat' dir='ltr'><strong>per</strong></span> <span class='ocrx_word' id='word_1_232' title='bbox 514 2496 615 2553; x_wconf 88' lang='lat' dir='ltr'><strong>sinum</strong></span> <span class='ocrx_word' id='word_1_233' title='bbox 637 2493 810 2550; x_wconf 82' lang='lat' dir='ltr'><strong>Ceratinum</strong></span> <span class='ocrx_word' id='word_1_234' title='bbox 831 2492 863 2547; x_wconf 93' lang='lat' dir='ltr'><strong>in</strong></span> <span class='ocrx_word' id='word_1_235' title='bbox 881 2490 965 2547; x_wconf 89' lang='lat' dir='ltr'><strong>littus</strong></span> <span class='ocrx_word' id='word_1_236' title='bbox 983 2483 1165 2546; x_wconf 87' lang='lat' dir='ltr'><strong>descendere</strong></span> 
     </span>
     <span class='ocr_line' id='line_1_28' title="bbox 65 2570 1165 2658; baseline -0.01 -22"><span class='ocrx_word' id='word_1_237' title='bbox 65 2578 232 2658; x_wconf 89' lang='lat' dir='ltr'><strong>urbemque</strong></span> <span class='ocrx_word' id='word_1_238' title='bbox 247 2581 346 2657; x_wconf 88' lang='lat' dir='ltr'><strong>ipsam</strong></span> <span class='ocrx_word' id='word_1_239' title='bbox 360 2588 476 2637; x_wconf 77' lang='lat' dir='ltr'><strong>vastare</strong></span> <span class='ocrx_word' id='word_1_240' title='bbox 487 2580 697 2637; x_wconf 88' lang='lat' dir='ltr'><strong>moliebantur.</strong></span> <span class='ocrx_word' id='word_1_241' title='bbox 740 2578 842 2655; x_wconf 88' lang='lat' dir='ltr'><strong>itaque</strong></span> <span class='ocrx_word' id='word_1_242' title='bbox 854 2576 887 2631; x_wconf 91' lang='lat' dir='ltr'><strong>in</strong></span> <span class='ocrx_word' id='word_1_243' title='bbox 904 2571 1017 2651; x_wconf 90' lang='lat' dir='ltr'><strong>duplici</strong></span> <span class='ocrx_word' id='word_1_244' title='bbox 1031 2570 1111 2630; x_wconf 92' lang='lat' dir='ltr'><strong>bello</strong></span> <span class='ocrx_word' id='word_1_245' title='bbox 1129 2586 1165 2626; x_wconf 88' lang='lat' dir='ltr'><strong>ao</strong></span> 
     </span>
     <span class='ocr_line' id='line_1_29' title="bbox 67 2655 1166 2742; baseline -0.008 -21"><span class='ocrx_word' id='word_1_246' title='bbox 67 2662 108 2722; x_wconf 92' lang='lat' dir='ltr'><strong>de</strong></span> <span class='ocrx_word' id='word_1_247' title='bbox 132 2664 267 2742; x_wconf 91' lang='lat' dir='ltr'><strong>pluribus</strong></span> <span class='ocrx_word' id='word_1_248' title='bbox 291 2682 352 2722; x_wconf 88' lang='lat' dir='ltr'><strong>una</strong></span> <span class='ocrx_word' id='word_1_249' title='bbox 382 2665 473 2723; x_wconf 87' lang='lat' dir='ltr'><strong>simul</strong></span> <span class='ocrx_word' id='word_1_250' title='bbox 502 2665 665 2724; x_wconf 86' lang='lat' dir='ltr'><strong>coniunctis</strong></span> <span class='ocrx_word' id='word_1_251' title='bbox 691 2659 827 2720; x_wconf 89' lang='lat' dir='ltr'><strong>hostibus</strong></span> <span class='ocrx_word' id='word_1_252' title='bbox 849 2658 940 2717; x_wconf 89' lang='lat' dir='ltr'><strong>deum</strong></span> <span class='ocrx_word' id='word_1_253' title='bbox 961 2668 991 2716; x_wconf 91' lang='lat' dir='ltr'><strong>et</strong></span> <span class='ocrx_word' id='word_1_254' title='bbox 1011 2655 1166 2735; x_wconf 86' lang='lat' dir='ltr'><strong>deiparam</strong></span> 
     </span>
     <span class='ocr_line' id='line_1_30' title="bbox 67 2738 1167 2830; baseline -0.008 -24"><span class='ocrx_word' id='word_1_255' title='bbox 67 2746 287 2828; x_wconf 83' lang='lat' dir='ltr'><strong>triumphantes</strong></span> <span class='ocrx_word' id='word_1_256' title='bbox 309 2747 503 2809; x_wconf 85' lang='lat' dir='ltr'><strong>demonstrat.</strong></span> <span class='ocrx_word' id='word_1_257' title='bbox 548 2753 600 2830; x_wconf 89' lang='lat' dir='ltr'><strong>qui</strong></span> <span class='ocrx_word' id='word_1_258' title='bbox 619 2767 685 2809; x_wconf 87' lang='lat' dir='ltr'><strong>rem</strong></span> <span class='ocrx_word' id='word_1_259' title='bbox 705 2748 802 2825; x_wconf 90' lang='lat' dir='ltr'><strong>magis</strong></span> <span class='ocrx_word' id='word_1_260' title='bbox 824 2742 865 2803; x_wconf 88' lang='lat' dir='ltr'><strong>ad</strong></span> <span class='ocrx_word' id='word_1_261' title='bbox 881 2742 1055 2802; x_wconf 86' lang='lat' dir='ltr'><strong>historicam</strong></span> <span class='ocrx_word' id='word_1_262' title='bbox 1074 2738 1167 2798; x_wconf 86' lang='lat' dir='ltr'><strong>fidem</strong></span> 
     </span>
     <span class='ocr_line' id='line_1_31' title="bbox 71 2826 988 2914; baseline -0.009 -20"><span class='ocrx_word' id='word_1_263' title='bbox 71 2846 236 2910; x_wconf 74' lang='lat' dir='ltr'><strong>expensam</strong></span> <span class='ocrx_word' id='word_1_264' title='bbox 247 2837 329 2914; x_wconf 88' lang='lat' dir='ltr'><strong>cupit</strong></span> <span class='ocrx_word' id='word_1_265' title='bbox 343 2836 523 2914; x_wconf 86' lang='lat' dir='ltr'><strong>intelligere,</strong></span> <span class='ocrx_word' id='word_1_266' title='bbox 546 2833 633 2893; x_wconf 87' lang='lat' dir='ltr'><strong>adeat</strong></span> <span class='ocrx_word' id='word_1_267' title='bbox 648 2830 818 2891; x_wconf 77' lang='lat' dir='ltr'><strong>Chronicon</strong></span> <span class='ocrx_word' id='word_1_268' title='bbox 832 2826 988 2888; x_wconf 88' lang='lat' dir='ltr'><strong>Pascbale.</strong></span> 
     </span>
    </p>

    <p class='ocr_par' dir='ltr' id='par_1_8' title="bbox 74 2909 1172 3487">
     <span class='ocr_line' id='line_1_32' title="bbox 155 2909 1166 2990; baseline -0.013 -11"><span class='ocrx_word' id='word_1_269' title='bbox 155 2915 228 2981; x_wconf 80' lang='lat'><strong>411.</strong></span> <span class='ocrx_word' id='word_1_270' title='bbox 269 2940 310 2979; x_wconf 92' lang='lat' dir='ltr'><strong>ex</strong></span> <span class='ocrx_word' id='word_1_271' title='bbox 331 2940 392 2980; x_wconf 89' lang='lat' dir='ltr'><strong>uno</strong></span> <span class='ocrx_word' id='word_1_272' title='bbox 410 2931 516 2980; x_wconf 75' lang='lat' dir='ltr'><strong>unnco</strong></span> <span class='ocrx_word' id='word_1_273' title='bbox 536 2930 622 2978; x_wconf 86' lang='lat' dir='ltr'><strong>erant</strong></span> <span class='ocrx_word' id='word_1_274' title='bbox 641 2927 803 2976; x_wconf 80' lang='lat' dir='ltr'><strong>excavatae</strong></span> <span class='ocrx_word' id='word_1_275' title='bbox 817 2914 1011 2973; x_wconf 88' lang='lat' dir='ltr'><strong>barbarorum</strong></span> <span class='ocrx_word' id='word_1_276' title='bbox 1030 2909 1166 2990; x_wconf 86' lang='lat' dir='ltr'><strong>cymbae,</strong></span> 
     </span>
     <span class='ocr_line' id='line_1_33' title="bbox 74 2992 1168 3083; baseline -0.008 -23"><span class='ocrx_word' id='word_1_277' title='bbox 74 3019 150 3083; x_wconf 86' lang='lat' dir='ltr'><strong>quas</strong></span> <span class='ocrx_word' id='word_1_278' title='bbox 162 3004 269 3061; x_wconf 85' lang='lat' dir='ltr'><strong>merito</strong></span> <span class='ocrx_word' id='word_1_279' title='bbox 286 3005 580 3066; x_wconf 59' lang='lat' dir='ltr'><strong>dabormarooares.</strong></span> <span class='ocrx_word' id='word_1_280' title='bbox 621 3000 809 3081; x_wconf 85' lang='lat' dir='ltr'><strong>Nicephorus</strong></span> <span class='ocrx_word' id='word_1_281' title='bbox 829 2996 996 3077; x_wconf 89' lang='lat' dir='ltr'><strong>patriarcba</strong></span> <span class='ocrx_word' id='word_1_282' title='bbox 1019 3006 1048 3053; x_wconf 89' lang='lat' dir='ltr'><strong>et</strong></span> <span class='ocrx_word' id='word_1_283' title='bbox 1068 2992 1168 3055; x_wconf 76' lang='lat' dir='ltr'><strong>,chro-</strong></span> 
     </span>
     <span class='ocr_line' id='line_1_34' title="bbox 75 3080 1169 3170; baseline -0.013 -25"><span class='ocrx_word' id='word_1_284' title='bbox 75 3091 163 3145; x_wconf 88' lang='lat' dir='ltr'><strong>nicon</strong></span> <span class='ocrx_word' id='word_1_285' title='bbox 175 3085 320 3148; x_wconf 86' lang='lat' dir='ltr'><strong>Paschale</strong></span> <span class='ocrx_word' id='word_1_286' title='bbox 335 3086 482 3167; x_wconf 72' lang='grc' dir='ltr'><strong>μονόξυλα</strong></span> <span class='ocrx_word' id='word_1_287' title='bbox 495 3110 546 3150; x_wconf 91' lang='lat' dir='ltr'><strong>eas</strong></span> <span class='ocrx_word' id='word_1_288' title='bbox 561 3088 732 3170; x_wconf 87' lang='lat' dir='ltr'><strong>appellant,</strong></span> <span class='ocrx_word' id='word_1_289' title='bbox 753 3081 966 3162; x_wconf 86' lang='lat' dir='ltr'><strong>Theophanes,</strong></span> <span class='ocrx_word' id='word_1_290' title='bbox 989 3082 1042 3161; x_wconf 90' lang='lat' dir='ltr'><strong>qui</strong></span> <span class='ocrx_word' id='word_1_291' title='bbox 1053 3080 1169 3156; x_wconf 86' lang='lat' dir='ltr'><strong>legerat</strong></span> 
     </span>
     <span class='ocr_line' id='line_1_35' title="bbox 75 3162 1167 3257; baseline -0.011 -26"><span class='ocrx_word' id='word_1_292' title='bbox 75 3170 222 3248; x_wconf 68' lang='lat' dir='ltr'><strong>uiridem,</strong></span> <span class='ocrx_word' id='word_1_293' title='bbox 243 3183 273 3231; x_wconf 91' lang='lat' dir='ltr'><strong>et</strong></span> <span class='ocrx_word' id='word_1_294' title='bbox 285 3174 452 3251; x_wconf 83' lang='lat' dir='ltr'><strong>cedrenus,</strong></span> <span class='ocrx_word' id='word_1_295' title='bbox 482 3180 535 3257; x_wconf 87' lang='lat' dir='ltr'><strong>qut</strong></span> <span class='ocrx_word' id='word_1_296' title='bbox 548 3170 784 3253; x_wconf 84' lang='lat' dir='ltr'><strong>Theophanem,</strong></span> <span class='ocrx_word' id='word_1_297' title='bbox 813 3163 928 3250; x_wconf 76' lang='lat' dir='ltr'><strong>ylourd</strong></span> <span class='ocrx_word' id='word_1_298' title='bbox 945 3162 1048 3243; x_wconf 76' lang='grc' dir='ltr'><strong><em>σκάφη</em></strong></span> <span class='ocrx_word' id='word_1_299' title='bbox 1066 3162 1167 3221; x_wconf 90' lang='lat' dir='ltr'><strong>nomi-</strong></span> 
     </span>
     <span class='ocr_line' id='line_1_36' title="bbox 77 3246 1171 3333; baseline -0.013 -17"><span class='ocrx_word' id='word_1_300' title='bbox 77 3268 159 3316; x_wconf 88' lang='lat' dir='ltr'><strong>nant.</strong></span> <span class='ocrx_word' id='word_1_301' title='bbox 199 3261 377 3320; x_wconf 79' lang='lat' dir='ltr'><strong>Ammianm</strong></span> <span class='ocrx_word' id='word_1_302' title='bbox 398 3264 590 3321; x_wconf 83' lang='lat' dir='ltr'><strong>Marcellinus</strong></span> <span class='ocrx_word' id='word_1_303' title='bbox 609 3265 647 3324; x_wconf 78' lang='lat'><strong>81</strong></span> <span class='ocrx_word' id='word_1_304' title='bbox 672 3262 708 3322; x_wconf 80' lang='lat'><strong>5:</strong></span> <span class='ocrx_word' id='word_1_305' title='bbox 731 3250 1005 3333; x_wconf 77' lang='lat' dir='ltr'><strong>transfretabantur</strong></span> <span class='ocrx_word' id='word_1_306' title='bbox 1018 3252 1051 3307; x_wconf 83' lang='lat' dir='ltr'><strong>in</strong></span> <span class='ocrx_word' id='word_1_307' title='bbox 1064 3246 1126 3305; x_wconf 83' lang='lat' dir='ltr'><strong>dies</strong></span> <span class='ocrx_word' id='word_1_308' title='bbox 1142 3255 1171 3303; x_wconf 84' lang='lat' dir='ltr'><strong>st</strong></span> 
     </span>
     <span class='ocr_line' id='line_1_37' title="bbox 79 3333 1172 3427; baseline -0.008 -26"><span class='ocrx_word' id='word_1_309' title='bbox 79 3354 186 3416; x_wconf 68' lang='lat' dir='ltr'><strong>nocua,</strong></span> <span class='ocrx_word' id='word_1_310' title='bbox 214 3343 342 3404; x_wconf 73' lang='lat' dir='ltr'><strong>navibus</strong></span> <span class='ocrx_word' id='word_1_311' title='bbox 360 3345 534 3427; x_wconf 78' lang='lat' dir='ltr'><strong>mtibrssque</strong></span> <span class='ocrx_word' id='word_1_312' title='bbox 552 3357 581 3404; x_wconf 84' lang='lat' dir='ltr'><strong>st</strong></span> <span class='ocrx_word' id='word_1_313' title='bbox 598 3344 714 3403; x_wconf 70' lang='lat' dir='ltr'><strong>navalis</strong></span> <span class='ocrx_word' id='word_1_314' title='bbox 728 3338 871 3400; x_wconf 84' lang='lat' dir='ltr'><strong>arborum</strong></span> <span class='ocrx_word' id='word_1_315' title='bbox 882 3338 977 3397; x_wconf 71' lang='lat' dir='ltr'><strong>alveis</strong></span> <span class='ocrx_word' id='word_1_316' title='bbox 991 3333 1172 3417; x_wconf 55' lang='lat' dir='ltr'><strong>agedunum</strong></span> 
     </span>
     <span class='ocr_line' id='line_1_38' title="bbox 77 3450 213 3487; baseline -0.007 0"><span class='ocrx_word' id='word_1_317' title='bbox 77 3450 120 3487; x_wconf 81' lang='lat' dir='ltr'><strong>sm</strong></span> <span class='ocrx_word' id='word_1_318' title='bbox 205 3472 213 3486; x_wconf 92' lang='lat'><strong>.</strong></span> 
     </span>
    </p>

    <p class='ocr_par' dir='ltr' id='par_1_9' title="bbox 83 3440 1173 3935">
     <span class='ocr_line' id='line_1_39' title="bbox 114 3440 1170 3584; baseline -0.015 -6"><span class='ocrx_word' id='word_1_319' title='bbox 114 3440 233 3578; x_wconf 51' lang='lat' dir='ltr'><strong>paddi-</strong></span> <span class='ocrx_word' id='word_1_320' title='bbox 274 3512 419 3575; x_wconf 86' lang='lat' dir='ltr'><strong>hactenus</strong></span> <span class='ocrx_word' id='word_1_321' title='bbox 428 3512 531 3575; x_wconf 86' lang='lat' dir='ltr'><strong>Pisida</strong></span> <span class='ocrx_word' id='word_1_322' title='bbox 544 3515 603 3574; x_wconf 91' lang='lat' dir='ltr'><strong>sibi</strong></span> <span class='ocrx_word' id='word_1_323' title='bbox 620 3516 704 3573; x_wconf 82' lang='lat' dir='ltr'><strong>visus</strong></span> <span class='ocrx_word' id='word_1_324' title='bbox 722 3522 768 3571; x_wconf 90' lang='lat' dir='ltr'><strong>est</strong></span> <span class='ocrx_word' id='word_1_325' title='bbox 779 3520 950 3571; x_wconf 86' lang='lat' dir='ltr'><strong>terrestrem</strong></span> <span class='ocrx_word' id='word_1_326' title='bbox 967 3520 1102 3584; x_wconf 86' lang='lat' dir='ltr'><strong>pugnam</strong></span> <span class='ocrx_word' id='word_1_327' title='bbox 1115 3497 1170 3557; x_wconf 81' lang='lat' dir='ltr'><strong>do-</strong></span> 
     </span>
     <span class='ocr_line' id='line_1_40' title="bbox 83 3585 1170 3682; baseline -0.017 -24"><span class='ocrx_word' id='word_1_328' title='bbox 83 3600 245 3677; x_wconf 84' lang='lat' dir='ltr'><strong>scripsisse,</strong></span> <span class='ocrx_word' id='word_1_329' title='bbox 274 3620 314 3659; x_wconf 86' lang='lat' dir='ltr'><strong>ex</strong></span> <span class='ocrx_word' id='word_1_330' title='bbox 334 3619 395 3682; x_wconf 86' lang='lat' dir='ltr'><strong>qua</strong></span> <span class='ocrx_word' id='word_1_331' title='bbox 411 3600 521 3659; x_wconf 85' lang='lat' dir='ltr'><strong>idcirco</strong></span> <span class='ocrx_word' id='word_1_332' title='bbox 536 3600 709 3679; x_wconf 79' lang='lat' dir='ltr'><strong>cpolitanoa</strong></span> <span class='ocrx_word' id='word_1_333' title='bbox 727 3600 854 3657; x_wconf 72' lang='lat' dir='ltr'><strong>victuma</strong></span> <span class='ocrx_word' id='word_1_334' title='bbox 877 3594 1007 3651; x_wconf 80' lang='lat' dir='ltr'><strong>evasisse</strong></span> <span class='ocrx_word' id='word_1_335' title='bbox 1028 3585 1170 3657; x_wconf 88' lang='lat' dir='ltr'><strong>declarat,</strong></span> 
     </span>
     <span class='ocr_line' id='line_1_41' title="bbox 85 3669 1171 3765; baseline -0.016 -23"><span class='ocrx_word' id='word_1_336' title='bbox 85 3686 152 3765; x_wconf 86' lang='lat' dir='ltr'><strong>quia</strong></span> <span class='ocrx_word' id='word_1_337' title='bbox 163 3684 283 3764; x_wconf 83' lang='lat' dir='ltr'><strong>Sergius</strong></span> <span class='ocrx_word' id='word_1_338' title='bbox 296 3686 361 3745; x_wconf 91' lang='lat' dir='ltr'><strong>sola</strong></span> <span class='ocrx_word' id='word_1_339' title='bbox 372 3688 513 3765; x_wconf 85' lang='lat' dir='ltr'><strong>imaginis</strong></span> <span class='ocrx_word' id='word_1_340' title='bbox 530 3678 756 3765; x_wconf 70' lang='grc' dir='ltr'><strong>ἆχιιρσκοιήτου</strong></span> <span class='ocrx_word' id='word_1_341' title='bbox 775 3676 1050 3756; x_wconf 84' lang='lat' dir='ltr'><strong>circumgestatione</strong></span> <span class='ocrx_word' id='word_1_342' title='bbox 1061 3669 1171 3728; x_wconf 90' lang='lat' dir='ltr'><strong>barba-</strong></span> 
     </span>
     <span class='ocr_line' id='line_1_42' title="bbox 85 3754 1172 3851; baseline -0.018 -22"><span class='ocrx_word' id='word_1_343' title='bbox 85 3790 132 3829; x_wconf 90' lang='lat' dir='ltr'><strong>ros</strong></span> <span class='ocrx_word' id='word_1_344' title='bbox 151 3775 329 3849; x_wconf 84' lang='lat' dir='ltr'><strong>represserit.</strong></span> <span class='ocrx_word' id='word_1_345' title='bbox 371 3774 473 3851; x_wconf 87' lang='lat' dir='ltr'><strong>itaque</strong></span> <span class='ocrx_word' id='word_1_346' title='bbox 495 3773 624 3849; x_wconf 89' lang='lat' dir='ltr'><strong>primam</strong></span> <span class='ocrx_word' id='word_1_347' title='bbox 644 3769 800 3828; x_wconf 79' lang='lat' dir='ltr'><strong>victoriam</strong></span> <span class='ocrx_word' id='word_1_348' title='bbox 822 3762 878 3822; x_wconf 88' lang='lat' dir='ltr'><strong>deo</strong></span> <span class='ocrx_word' id='word_1_349' title='bbox 897 3770 1049 3840; x_wconf 89' lang='lat' dir='ltr'><strong>acceptam</strong></span> <span class='ocrx_word' id='word_1_350' title='bbox 1070 3754 1172 3813; x_wconf 88' lang='lat' dir='ltr'><strong>relert.</strong></span> 
     </span>
     <span class='ocr_line' id='line_1_43' title="bbox 86 3845 1173 3935; baseline 0.001 -23"><span class='ocrx_word' id='word_1_351' title='bbox 86 3852 142 3913; x_wconf 90' lang='lat' dir='ltr'><strong>hoo</strong></span> <span class='ocrx_word' id='word_1_352' title='bbox 157 3874 226 3913; x_wconf 89' lang='lat' dir='ltr'><strong>saue</strong></span> <span class='ocrx_word' id='word_1_353' title='bbox 239 3864 312 3934; x_wconf 87' lang='lat' dir='ltr'><strong>puto</strong></span> <span class='ocrx_word' id='word_1_354' title='bbox 326 3856 486 3935; x_wconf 82' lang='lat' dir='ltr'><strong>significari</strong></span> <span class='ocrx_word' id='word_1_355' title='bbox 497 3875 553 3935; x_wconf 87' lang='lat' dir='ltr'><strong>per</strong></span> <span class='ocrx_word' id='word_1_356' title='bbox 565 3873 600 3913; x_wconf 89' lang='lat' dir='ltr'><strong>ea</strong></span> <span class='ocrx_word' id='word_1_357' title='bbox 615 3846 757 3913; x_wconf 74' lang='lat' dir='ltr'><strong>verbasci</strong></span> <span class='ocrx_word' id='word_1_358' title='bbox 778 3853 860 3911; x_wconf 78' lang='lat' dir='ltr'><strong>voitu</strong></span> <span class='ocrx_word' id='word_1_359' title='bbox 878 3851 934 3926; x_wconf 78' lang='grc' dir='ltr'><strong>τῆς</strong></span> <span class='ocrx_word' id='word_1_360' title='bbox 952 3845 1073 3927; x_wconf 72' lang='grc' dir='ltr'><strong><em>γραφῆς</em></strong></span> <span class='ocrx_word' id='word_1_361' title='bbox 1087 3850 1173 3916; x_wconf 58' lang='lat' dir='ltr'><strong>mdia</strong></span> 
     </span>
    </p>
   </div>
   <div class='ocr_carea' id='block_1_3' title="bbox 88 3922 1174 4276">
    <p class='ocr_par' dir='ltr' id='par_1_10' title="bbox 88 3922 1174 4276">
     <span class='ocr_line' id='line_1_44' title="bbox 88 3922 1173 4019; baseline -0.018 -21"><span class='ocrx_word' id='word_1_362' title='bbox 88 3940 136 3998; x_wconf 79' lang='lat' dir='ltr'><strong>vel</strong></span> <span class='ocrx_word' id='word_1_363' title='bbox 146 3940 229 3999; x_wconf 81' lang='lat' dir='ltr'><strong>dorsu</strong></span> <span class='ocrx_word' id='word_1_364' title='bbox 238 3942 388 4019; x_wconf 67' lang='lat' dir='ltr'><strong>pisaeae.</strong></span> <span class='ocrx_word' id='word_1_365' title='bbox 434 3943 552 4000; x_wconf 89' lang='lat' dir='ltr'><strong>sienim</strong></span> <span class='ocrx_word' id='word_1_366' title='bbox 566 3940 640 3997; x_wconf 82' lang='lat' dir='ltr'><strong>velis</strong></span> <span class='ocrx_word' id='word_1_367' title='bbox 647 3938 789 4015; x_wconf 85' lang='lat' dir='ltr'><strong>Sergium</strong></span> <span class='ocrx_word' id='word_1_368' title='bbox 800 3933 934 3992; x_wconf 85' lang='lat' dir='ltr'><strong>barbaria</strong></span> <span class='ocrx_word' id='word_1_369' title='bbox 947 3929 1089 3989; x_wconf 89' lang='lat' dir='ltr'><strong>obiecisse</strong></span> <span class='ocrx_word' id='word_1_370' title='bbox 1102 3922 1173 3981; x_wconf 82' lang='lat' dir='ltr'><strong>vul-</strong></span> 
     </span>
     <span class='ocr_line' id='line_1_45' title="bbox 88 4007 1174 4109; baseline -0.021 -23"><span class='ocrx_word' id='word_1_371' title='bbox 88 4034 134 4081; x_wconf 83' lang='lat' dir='ltr'><strong>tus</strong></span> <span class='ocrx_word' id='word_1_372' title='bbox 150 4029 324 4084; x_wconf 74' lang='lat' dir='ltr'><strong>unemsimi</strong></span> <span class='ocrx_word' id='word_1_373' title='bbox 342 4029 472 4085; x_wconf 87' lang='lat' dir='ltr'><strong>anticam</strong></span> <span class='ocrx_word' id='word_1_374' title='bbox 489 4036 622 4104; x_wconf 89' lang='lat' dir='ltr'><strong>partem,</strong></span> <span class='ocrx_word' id='word_1_375' title='bbox 651 4042 707 4102; x_wconf 89' lang='lat' dir='ltr'><strong>per</strong></span> <span class='ocrx_word' id='word_1_376' title='bbox 726 4015 763 4082; x_wconf 75' lang='lat' dir='ltr'><strong>cd</strong></span> <span class='ocrx_word' id='word_1_377' title='bbox 780 4023 862 4081; x_wconf 74' lang='lat' dir='ltr'><strong>vaira</strong></span> <span class='ocrx_word' id='word_1_378' title='bbox 877 4018 1012 4084; x_wconf 81' lang='lat' dir='ltr'><strong>doraum,</strong></span> <span class='ocrx_word' id='word_1_379' title='bbox 1032 4007 1174 4109; x_wconf 74' lang='lat' dir='ltr'><strong>videheet</strong></span> 
     </span>
     <span class='ocr_line' id='line_1_46' title="bbox 89 4098 1174 4195; baseline -0.022 -25"><span class='ocrx_word' id='word_1_380' title='bbox 89 4107 267 4188; x_wconf 84' lang='lat' dir='ltr'><strong>superficiem</strong></span> <span class='ocrx_word' id='word_1_381' title='bbox 282 4111 403 4169; x_wconf 89' lang='lat' dir='ltr'><strong>tabulae</strong></span> <span class='ocrx_word' id='word_1_382' title='bbox 421 4131 457 4170; x_wconf 89' lang='lat' dir='ltr'><strong>ao</strong></span> <span class='ocrx_word' id='word_1_383' title='bbox 472 4114 571 4189; x_wconf 88' lang='lat' dir='ltr'><strong>ipsam</strong></span> <span class='ocrx_word' id='word_1_384' title='bbox 582 4111 673 4188; x_wconf 87' lang='lat' dir='ltr'><strong>plana</strong></span> <span class='ocrx_word' id='word_1_385' title='bbox 686 4109 834 4187; x_wconf 87' lang='lat' dir='ltr'><strong>picturam</strong></span> <span class='ocrx_word' id='word_1_386' title='bbox 846 4102 1015 4177; x_wconf 85' lang='lat' dir='ltr'><strong>intelliges:</strong></span> <span class='ocrx_word' id='word_1_387' title='bbox 1036 4098 1079 4195; x_wconf 67' lang='lat' dir='ltr'><strong>ita</strong></span> <span class='ocrx_word' id='word_1_388' title='bbox 1092 4108 1174 4149; x_wconf 86' lang='lat' dir='ltr'><strong>emm</strong></span> 
     </span>
     <span class='ocr_line' id='line_1_47' title="bbox 89 4186 1174 4276; baseline -0.02 -20"><span class='ocrx_word' id='word_1_389' title='bbox 89 4189 124 4256; x_wconf 82' lang='lat' dir='ltr'><strong>sd</strong></span> <span class='ocrx_word' id='word_1_390' title='bbox 139 4196 215 4257; x_wconf 76' lang='lat' dir='ltr'><strong>adra</strong></span> <span class='ocrx_word' id='word_1_391' title='bbox 226 4198 284 4275; x_wconf 73' lang='grc' dir='ltr'><strong>τῆς</strong></span> <span class='ocrx_word' id='word_1_392' title='bbox 295 4192 455 4276; x_wconf 73' lang='grc' dir='ltr'><strong>θαλάσσης</strong></span> <span class='ocrx_word' id='word_1_393' title='bbox 466 4198 558 4253; x_wconf 86' lang='lat' dir='ltr'><strong>maris</strong></span> <span class='ocrx_word' id='word_1_394' title='bbox 570 4194 741 4273; x_wconf 81' lang='lat' dir='ltr'><strong>superficies</strong></span> <span class='ocrx_word' id='word_1_395' title='bbox 754 4189 901 4269; x_wconf 84' lang='lat' dir='ltr'><strong>explicari</strong></span> <span class='ocrx_word' id='word_1_396' title='bbox 916 4186 1002 4245; x_wconf 87' lang='lat' dir='ltr'><strong>solet.</strong></span> <span class='ocrx_word' id='word_1_397' title='bbox 1032 4196 1059 4239; x_wconf 88' lang='lat' dir='ltr'><strong>sr</strong></span> <span class='ocrx_word' id='word_1_398' title='bbox 1073 4186 1174 4237; x_wconf 88' lang='lat' dir='ltr'><strong>autem</strong></span> 
     </span>
    </p>
   </div>
   <div class='ocr_carea' id='block_1_4' title="bbox 0 0 1437 4709">
    <p class='ocr_par' dir='ltr' id='par_1_11' title="bbox 0 0 1437 4709">
     <span class='ocr_line' id='line_1_48' title="bbox 0 0 1437 4709; baseline 0 0"><span class='ocrx_word' id='word_1_399' title='bbox 0 0 1437 4709; x_wconf 95' lang='lat' dir='ltr'><strong> </strong></span> 
     </span>
    </p>
   </div>
  </div>
 </body>
</html>
