2792 4709
375 215 422 283 ΙΝ
441 213 612 281 BELLUM
629 210 856 279 svlmcUM.
1092 208 1165 281 135

152 387 228 469 814.
270 380 431 467 μα’γισιρυς
442 380 525 441 idem
540 400 576 441 ao
589 373 712 463 rippale
728 369 925 453 τόνιᾶξεων.
967 372 1006 435 da
1018 372 1077 435 hoo
1090 394 1165 435 vooa

56 487 92 535 et
107 472 256 552 dignitate
274 470 345 530 vide
363 470 512 540 Dufresne
531 468 631 527 Gloae.
651 466 783 525 Graecit.
828 465 971 541 magister
984 464 1118 521 militum
1131 464 1165 519 in

55 562 141 619 urhe
156 570 229 619 tuno
244 568 308 617 erat
321 558 422 614 Bonus
436 558 500 613 sira
514 556 660 626 Bonosus,
681 554 728 609 vir
740 553 882 631 patrioius
900 559 930 607 et
946 548 1081 606 illustris.
1113 548 1165 604 ni-

55 649 180 705 mirum
193 644 349 703 Heraclius
360 644 393 700 in
404 638 561 699 Persidem
571 641 667 698 iturus
679 637 784 695 urbem
799 638 915 715 regiam
922 634 1029 711 Sergio
1040 642 1070 693 et
1079 634 1165 691 Bono

56 728 346 801 commendaverat3
368 728 454 787 testis
468 722 671 804 Theophanes
683 743 720 800 p.
741 720 814 793 254.

152 816 227 881 815.
270 834 309 873 en
327 824 361 873 ut
381 812 490 871 elarius
510 828 615 871 omnes
634 828 653 867 a
666 808 765 886 Sergii
787 816 862 867 num
880 800 1046 885 pendentes
1060 802 1163 861 faeiat.

57 921 166 983 neque
180 903 262 960 enim
273 898 377 958 dubito
389 895 541 972 Pisidam,
562 914 631 953 oum
646 892 727 961 dieat
739 891 814 973 alpia
827 902 857 951 et
872 890 1013 969 deinceps
1029 889 1093 964 ool,
1114 888 1163 945 lo·

83 991 122 1047 ni
136 985 228 1047 deSe
264 987 304 1044 'o.

59 1009 82 1069 q
154 1006 388 1138 8210rglvidetur
411 1068 546 1126 imitatus
570 1062 649 1125 illud
668 1060 828 1143 Sophoclis
851 1063 886 1121 in
908 1059 1009 1119 Anae
1029 1054 1162 1136 rtagett

58 1178 94 1217 v·
113 1160 197 1223 878:
218 1150 314 1230 πόνος
327 1150 415 1236 πόνῳ
426 1147 522 1217 einos
537 1150 631 1230 ploos.
840 1153 846 1165 “

153 1246 228 1309 328.
269 1244 371 1301 Bonus
382 1240 526 1317 Magister
540 1238 675 1295 militnm
692 1252 755 1293 non
767 1232 862 1293 semel
877 1227 1011 1290 hortatus
1027 1237 1073 1287 est
1084 1224 1166 1285 (lha-

62 1347 182 1407 gannm
203 1338 239 1386 ut
256 1325 344 1386 donis
360 1335 390 1384 et
403 1325 521 1384 tributis
537 1324 666 1402 aooeptis
679 1320 718 1377 ah
733 1319 807 1378 urhe
820 1312 986 1378 obsidenda
1001 1311 1166 1373 desisteret.

61 1412 239 1473 Chronioon
254 1409 400 1472 Pasohale
408 1430 446 1489 p.
462 1412 537 1473 720.

152 1498 226 1563 324.
268 1499 323 1579 qui
343 1497 456 1557 fuemt
479 1493 588 1572 legati,
624 1490 731 1571 quisve
760 1486 919 1567 legationis
945 1485 1061 1558 exitus,
1095 1478 1166 1542 vide

154 1607 227 1734 825.
270 1667 401 1730 Chosroa
415 1675 451 1725 ut
463 1663 637 1723 Heraclium
655 1658 791 1739 pluribus
808 1656 897 1716 bellis
912 1651 1076 1713 distentum
1089 1650 1167 1709 faoi-
1217 1678 1222 1697 ·

63 1757 130 1813 lius
141 1754 310 1835 frangeret,
332 1771 369 1812 eo
387 1770 466 1810 anno
480 1769 550 1811 suas
565 1748 665 1827 eopias
680 1744 800 1817 divisit,
822 1760 874 1814 aa,
895 1750 930 1800 nt
943 1742 986 1798 ait
998 1732 1167 1815 Theopha-

63 1860 123 1899 nes
132 1858 169 1917 p.
185 1845 265 1916 263,
294 1834 346 1903 siv
358 1832 519 1919 Σάρβαρον
537 1829 614 1900 aava
630 1825 786 1901 Kllo'isroc
807 1820 993 1899 ἀπέστειλεν,
1023 1824 1075 1903 qui
1090 1823 1167 1878 inita

65 1946 139 1985 oum
153 1928 272 1986 Hunnis
292 1925 435 1985 sooietata
455 1921 563 1982 urbem
583 1926 723 1978 vastaret.
765 1911 816 1973 hio
828 1914 921 1991 igitur
936 1909 1082 1971 Sarbarus
1099 1923 1169 1963 auru

64 2010 295 2093 Chrysopolim,
318 2007 411 2070 hodie
425 2008 613 2075 semorum
633 2005 782 2073 venisset,
802 1998 923 2057 nuntios
939 1992 979 2053 ad
992 1990 1169 2070 Ghagnnum

64 2100 167 2173 misit,
195 2100 250 2179 qui
269 2116 341 2157 eum
359 2094 398 2154 de
419 2113 474 2156 sno
494 2092 626 2154 adventu
647 2090 805 2149 oertiorem
820 2084 953 2143 facerent
965 2088 995 2137 et
1006 2076 1168 2137 auxiliares

67 2185 172 2259 copias
185 2188 214 2243 ei
224 2185 442 2262 promitterent.

154 2268 227 2333 345.
270 2266 389 2348 elsim
407 2273 496 2326 rooat
513 2265 675 2323 Persarum
687 2258 838 2335 legsmm,
867 2249 907 2311 ed
921 2250 1069 2327 originem
1083 2240 1170 2321 regni

67 2354 184 2411 Persici
197 2355 333 2414 animum
342 2349 519 2423 intendens,
549 2357 584 2407 ut
601 2364 694 2425 quam
709 2343 763 2401 illa
777 2348 856 2399 emet
874 2330 1084 2415 despiciendus
1100 2346 1169 2387 oum

67 2439 236 2518 cpolitanis
249 2439 356 2518 legatis
372 2444 559 2516 eomparatns
572 2429 766 2489 demonstret.

156 2524 230 2588 859.
270 2518 431 2603 θαλάσσης
442 2518 465 2601 'l
477 2514 562 2598 θύρα
574 2515 706 2593 Bospori
712 2512 836 2590 fauces.
880 2504 1031 2585 cpolitani
1046 2509 1112 2559 tum
1126 2497 1170 2555 si·

67 2629 144 2669 num
163 2611 337 2671 cersonam
361 2619 428 2667 tum
456 2614 578 2685 portum
596 2600 737 2679 Byzantii
759 2606 864 2661 eatena
889 2592 987 2651 ferree
1013 2578 1170 2645 oooludere
1267 2656 1269 2661 ,

68 2696 225 2770 solebant,
256 2715 326 2755 oum
338 2694 501 2753 nenessitas
514 2688 679 2770 postularet
691 2694 726 2741 ut
737 2680 840 2744 hostes
850 2677 924 2737 illua
935 2669 1054 2753 ingredi
1063 2663 1172 2750 prohi-

67 2782 231 2856 berentur„
259 2791 295 2840 ut
311 2778 414 2840 videre
432 2788 478 2837 est
499 2779 534 2845 in
553 2773 641 2851 cpoli
660 2770 769 2829 Christ.
794 2762 849 2825 lib.
868 2768 882 2827 1
902 2784 928 2821 c.
946 2764 1013 2825 §.et
1025 2762 1055 2823 7.
1098 2750 1170 2813 dili-

71 2879 177 2941 gemur
192 2865 227 2926 id
247 2877 383 2930 auratum
403 2866 497 2923 inim
514 2859 634 2921 videtur
645 2858 798 2917 insinuare
814 2846 935 2923 Pisida,
964 2855 998 2903 ut
1010 2844 1171 2913 Persarum

70 2950 166 3027 legati
179 2950 220 3005 ad
230 2950 409 3032 choganum
419 2950 506 3008 missi
517 2949 551 3005 in
565 2943 665 3005 reditu
675 2933 989 3019 deprehenderentur3
1019 2921 1101 3006 quod
1114 2922 1171 2981 ob-

72 3036 144 3113 tigit
154 3034 292 3093 felioiter.
334 3033 461 3113 proinde
475 3036 576 3113 ipinor
586 3025 691 3089 Pisida
709 3024 782 3083 dioit
796 3016 852 3093 sole
866 3014 1003 3089 εἰσόδους
1019 3010 1169 3105 sitiones:

72 3120 160 3179 nobis
175 3130 254 3179 oerte
266 3138 328 3180 non
340 3120 500 3199 probatur,
530 3114 613 3198 quod
633 3132 670 3173 ea
691 3109 730 3169 de
747 3130 779 3169 re
802 3102 894 3167 tradit
915 3109 1018 3159 anatot
1031 3091 1172 3189 chonias

73 3202 238 3282 Pasohelis‚
252 3208 305 3287 qni
316 3224 388 3267 oasa
402 3205 517 3265 foetum
527 3210 615 3284 putat
629 3208 664 3258 ut
676 3194 773 3257 iidem
779 3190 873 3269 legati
883 3182 1043 3246 redeuntes
1048 3180 1172 3237 interor-

96 3299 226 3350 arentur.

73 3312 95 3371 P
159 3380 233 3441 861.
274 3396 314 3434 ne
336 3374 411 3457 quid
429 3371 581 3437 desideres
599 3366 683 3451 quod
703 3362 743 3425 ad
755 3364 800 3423 rei
813 3356 1057 3441 perspicuitatem
1070 3344 1174 3407 eonfe-

73 3472 131 3538 ηΐ,
152 3462 220 3541 lege
234 3458 344 3521 elren.
356 3458 502 3521 Paschale
510 3479 549 3537 p.
564 3460 638 3521 792.
849 3500 851 3503 ,
1110 3513 1118 3530 .

160 3550 233 3613 867.
274 3548 341 3605 iure
355 3544 509 3625 deiparam
521 3542 595 3601 belli
608 3538 762 3600 dominam
776 3530 922 3611 appellat,
946 3539 1028 3603 quae
1037 3524 1174 3616 ommam

75 3632 255 3710 sofiptorum
272 3634 467 3693 eonsensione
487 3631 553 3691 visa
574 3636 620 3687 est
640 3622 765 3683 caelitus
785 3614 908 3685 adesse,
936 3618 970 3666 ut
989 3608 1075 3664 litem
1097 3608 1175 3697 mter
1237 3674 1239 3679 λ

73 3718 190 3778 Abares
204 3728 234 3775 et
246 3718 418 3797 cpolitanos
431 3714 594 3775 ffirimeret.
636 3709 724 3789 plura
735 3702 786 3762 hio
801 3702 959 3760 ooonrrunt
972 3707 1050 3771 quae
1064 3682 1104 3743 ad
1116 3681 1175 3781 fors

74 3804 224 3863 rationem
237 3812 269 3861 at
280 3796 460 3870 nsnm‘dioia
472 3810 551 3875 sunt,
574 3814 644 3856 oum
655 3796 693 3853 iis
707 3780 889 3857 eonferenda
902 3796 979 3861 quae
991 3777 1132 3851 leguntur
1141 3782 1174 3822 ιιι

75 3889 209 3947 Historia
231 3889 301 3947 Pori
317 3890 427 3948 Rom..
452 3880 624 3953 {limnoisoo
647 3877 753 3937 Polato
774 3881 843 3951 post
855 3862 1027 3928 Brodaeum
1041 3852 1174 3913 confecta

76 3975 157 4033 im
179 3973 336 4053 Seppius.
366 3906 512 4031 Thc‘dhw.
535 3967 667 4045 Antiqq.
691 3959 760 4020 leh.
782 3954 892 4014 Polam'
916 3946 984 4009 Vol.
1008 3946 1026 4016 1
1046 3934 1176 4040 11:828·

77 4057 225 4117 nimirum
239 4058 345 4119 Pisida
364 4059 483 4118 bellum
502 4054 666 4114 Aharioum
692 4048 767 4105 soite
794 4051 829 4100 ut
858 4051 980 4097 oausam
1001 4019 1180 4123 oonsrderat.
1248 4034 1252 4051 ·

79 4144 356 4217 moderantem,
377 4140 551 4203 osdendane
566 4141 606 4198 sit
619 4136 692 4195 urhs
704 4128 871 4198 Abaribus3
893 4124 978 4181 loous
994 4114 1119 4173 astionis
1134 4110 1179 4160 est

79 4227 121 4289 ad
128 4228 250 4287 moenia
260 4228 361 4306 urhis,
382 4227 543 4287 advooatus
556 4241 611 4302 pro
618 4208 979 4299 cpolitanisestsergius,
993 4186 1177 4262 iudexd01¹⁸2

121 4339 219 4408 (ἕως.
240 4332 322 4394 Pssid'
932 4303 973 4365 12
