<?xml version="1.0" encoding="UTF-8"?>
<!DOCTYPE html PUBLIC "-//W3C//DTD XHTML 1.0 Transitional//EN"
    "http://www.w3.org/TR/xhtml1/DTD/xhtml1-transitional.dtd">
<html xmlns="http://www.w3.org/1999/xhtml" xml:lang="en" lang="en">
 <head>
  <title>
</title>
<meta http-equiv="Content-Type" content="text/html;charset=utf-8" />
  <meta name='ocr-system' content='tesseract 3.04.00' />
  <meta name='ocr-capabilities' content='ocr_page ocr_carea ocr_par ocr_line ocrx_word'/>
</head>
<body>
  <div class='ocr_page' id='page_1' title='image "./corpusscriptoru71theogoog_0227.png"; bbox 0 0 2792 4709; ppageno 0'>
   <div class='ocr_carea' id='block_1_1' title="bbox 475 168 1173 268">
    <p class='ocr_par' dir='ltr' id='par_1_1' title="bbox 475 168 1173 268">
     <span class='ocr_line' id='line_1_1' title="bbox 475 168 1173 268; baseline 0.006 -30"><span class='ocrx_word' id='word_1_1' title='bbox 475 168 719 239; x_wconf 76' lang='lat' dir='ltr'>emmeno.</span> <span class='ocrx_word' id='word_1_2' title='bbox 1033 254 1039 268; x_wconf 41' lang='lat'>‚</span> <span class='ocrx_word' id='word_1_3' title='bbox 1102 191 1173 243; x_wconf 77' lang='lat' dir='ltr'>xvc</span> 
     </span>
    </p>
   </div>
   <div class='ocr_carea' id='block_1_2' title="bbox 58 334 1173 1955">
    <p class='ocr_par' dir='ltr' id='par_1_2' title="bbox 58 334 1173 1955">
     <span class='ocr_line' id='line_1_2' title="bbox 58 334 1172 416; baseline 0.007 -20"><span class='ocrx_word' id='word_1_4' title='bbox 58 356 181 399; x_wconf 83' lang='lat' dir='ltr'>noram</span> <span class='ocrx_word' id='word_1_5' title='bbox 194 354 237 397; x_wconf 83' lang='lat' dir='ltr'>ex</span> <span class='ocrx_word' id='word_1_6' title='bbox 249 335 366 416; x_wconf 82' lang='lat' dir='ltr'>integro</span> <span class='ocrx_word' id='word_1_7' title='bbox 376 336 547 401; x_wconf 71' lang='lat' dir='ltr'>versionem</span> <span class='ocrx_word' id='word_1_8' title='bbox 558 337 715 399; x_wconf 67' lang='lat' dir='ltr'><strong>instituere</strong></span> <span class='ocrx_word' id='word_1_9' title='bbox 728 334 859 399; x_wconf 82' lang='lat' dir='ltr'>decrevi.</span> <span class='ocrx_word' id='word_1_10' title='bbox 881 334 938 399; x_wconf 84' lang='lat' dir='ltr'>ssd</span> <span class='ocrx_word' id='word_1_11' title='bbox 948 356 989 399; x_wconf 85' lang='lat' dir='ltr'>ne</span> <span class='ocrx_word' id='word_1_12' title='bbox 999 336 1172 404; x_wconf 81' lang='lat' dir='ltr'>videremur</span> 
     </span>
     <span class='ocr_line' id='line_1_3' title="bbox 58 416 1170 521; baseline 0.005 -22"><span class='ocrx_word' id='word_1_13' title='bbox 58 443 179 501; x_wconf 84' lang='lat' dir='ltr'>nostris</span> <span class='ocrx_word' id='word_1_14' title='bbox 198 442 328 499; x_wconf 87' lang='lat' dir='ltr'>nimium</span> <span class='ocrx_word' id='word_1_15' title='bbox 343 416 526 518; x_wconf 76' lang='lat' dir='ltr'>plaudenteo</span> <span class='ocrx_word' id='word_1_16' title='bbox 546 440 645 499; x_wconf 81' lang='lat' dir='ltr'>alienu</span> <span class='ocrx_word' id='word_1_17' title='bbox 665 442 853 520; x_wconf 73' lang='lat' dir='ltr'>vituperem,</span> <span class='ocrx_word' id='word_1_18' title='bbox 889 461 907 500; x_wconf 87' lang='lat' dir='ltr'>e</span> <span class='ocrx_word' id='word_1_19' title='bbox 925 444 1049 521; x_wconf 75' lang='lat' dir='ltr'>regium</span> <span class='ocrx_word' id='word_1_20' title='bbox 1067 454 1170 505; x_wconf 81' lang='lat' dir='ltr'>textus</span> 
     </span>
     <span class='ocr_line' id='line_1_4' title="bbox 59 542 1170 621; baseline 0.005 -19"><span class='ocrx_word' id='word_1_21' title='bbox 59 542 281 603; x_wconf 78' lang='lat' dir='ltr'>Morellienam</span> <span class='ocrx_word' id='word_1_22' title='bbox 300 542 509 621; x_wconf 74' lang='lat' dir='ltr'>apponimus,</span> <span class='ocrx_word' id='word_1_23' title='bbox 543 552 678 603; x_wconf 74' lang='lat' dir='ltr'>nonmsn</span> <span class='ocrx_word' id='word_1_24' title='bbox 697 545 852 619; x_wconf 75' lang='lat' dir='ltr'>antemio</span> <span class='ocrx_word' id='word_1_25' title='bbox 873 562 926 605; x_wconf 85' lang='lat' dir='ltr'>ora</span> <span class='ocrx_word' id='word_1_26' title='bbox 945 554 1082 605; x_wconf 83' lang='lat' dir='ltr'>extrema</span> <span class='ocrx_word' id='word_1_27' title='bbox 1099 546 1170 607; x_wconf 87' lang='lat' dir='ltr'>libri</span> 
     </span>
     <span class='ocr_line' id='line_1_5' title="bbox 59 644 1170 729; baseline 0.004 -24"><span class='ocrx_word' id='word_1_28' title='bbox 59 646 269 721; x_wconf 86' lang='lat' dir='ltr'>subiecimus,</span> <span class='ocrx_word' id='word_1_29' title='bbox 296 653 330 703; x_wconf 91' lang='lat' dir='ltr'>ut</span> <span class='ocrx_word' id='word_1_30' title='bbox 354 662 445 724; x_wconf 87' lang='lat' dir='ltr'>quem</span> <span class='ocrx_word' id='word_1_31' title='bbox 461 647 590 727; x_wconf 84' lang='lat' dir='ltr'>quisque</span> <span class='ocrx_word' id='word_1_32' title='bbox 602 644 688 705; x_wconf 79' lang='lat' dir='ltr'>molit</span> <span class='ocrx_word' id='word_1_33' title='bbox 697 644 781 725; x_wconf 79' lang='lat' dir='ltr'>legat</span> <span class='ocrx_word' id='word_1_34' title='bbox 794 656 826 705; x_wconf 89' lang='lat' dir='ltr'>et</span> <span class='ocrx_word' id='word_1_35' title='bbox 839 656 993 729; x_wconf 79' lang='lat' dir='ltr'>sequetur.</span> <span class='ocrx_word' id='word_1_36' title='bbox 1035 666 1071 707; x_wconf 86' lang='lat' dir='ltr'>ao</span> <span class='ocrx_word' id='word_1_37' title='bbox 1083 666 1170 710; x_wconf 81' lang='lat' dir='ltr'>mem</span> 
     </span>
     <span class='ocr_line' id='line_1_6' title="bbox 60 745 1169 831; baseline 0.001 -23"><span class='ocrx_word' id='word_1_38' title='bbox 60 746 196 831; x_wconf 87' lang='lat' dir='ltr'>quidem</span> <span class='ocrx_word' id='word_1_39' title='bbox 207 756 309 807; x_wconf 84' lang='lat' dir='ltr'>nostra</span> <span class='ocrx_word' id='word_1_40' title='bbox 320 749 412 807; x_wconf 86' lang='lat' dir='ltr'>stiam</span> <span class='ocrx_word' id='word_1_41' title='bbox 424 758 488 807; x_wconf 89' lang='lat' dir='ltr'>erat</span> <span class='ocrx_word' id='word_1_42' title='bbox 498 746 599 811; x_wconf 82' lang='lat' dir='ltr'>iambo</span> <span class='ocrx_word' id='word_1_43' title='bbox 615 748 724 808; x_wconf 82' lang='lat' dir='ltr'>iambis</span> <span class='ocrx_word' id='word_1_44' title='bbox 743 745 888 826; x_wconf 85' lang='lat' dir='ltr'>reddere,</span> <span class='ocrx_word' id='word_1_45' title='bbox 909 746 965 807; x_wconf 91' lang='lat' dir='ltr'>sed</span> <span class='ocrx_word' id='word_1_46' title='bbox 979 752 1121 821; x_wconf 71' lang='lat' dir='ltr'>seritius</span> <span class='ocrx_word' id='word_1_47' title='bbox 1135 748 1169 810; x_wconf 91' lang='lat' dir='ltr'>id</span> 
     </span>
     <span class='ocr_line' id='line_1_7' title="bbox 60 850 1170 935; baseline 0.002 -24"><span class='ocrx_word' id='word_1_48' title='bbox 60 850 152 935; x_wconf 84' lang='lat' dir='ltr'>quod</span> <span class='ocrx_word' id='word_1_49' title='bbox 178 853 252 912; x_wconf 83' lang='lat' dir='ltr'>ritic</span> <span class='ocrx_word' id='word_1_50' title='bbox 270 852 414 911; x_wconf 80' lang='lat' dir='ltr'>vertimus</span> <span class='ocrx_word' id='word_1_51' title='bbox 434 851 590 926; x_wconf 68' lang='lat' dir='ltr'>monnio,</span> <span class='ocrx_word' id='word_1_52' title='bbox 623 850 711 911; x_wconf 84' lang='lat' dir='ltr'>nobis</span> <span class='ocrx_word' id='word_1_53' title='bbox 730 868 852 932; x_wconf 83' lang='lat' dir='ltr'>quoqne</span> <span class='ocrx_word' id='word_1_54' title='bbox 871 850 1170 929; x_wconf 65' lang='lat' dir='ltr'>commentemur·</span> 
     </span>
     <span class='ocr_line' id='line_1_8' title="bbox 61 951 1170 1033; baseline 0.003 -19"><span class='ocrx_word' id='word_1_55' title='bbox 61 956 154 1015; x_wconf 85' lang='lat' dir='ltr'>enim</span> <span class='ocrx_word' id='word_1_56' title='bbox 166 966 239 1013; x_wconf 86' lang='lat' dir='ltr'>&#39;esse</span> <span class='ocrx_word' id='word_1_57' title='bbox 257 954 397 1015; x_wconf 86' lang='lat' dir='ltr'>novimus</span> <span class='ocrx_word' id='word_1_58' title='bbox 415 953 534 1013; x_wconf 86' lang='lat' dir='ltr'>obscuri</span> <span class='ocrx_word' id='word_1_59' title='bbox 551 959 658 1033; x_wconf 69' lang='lat' dir='ltr'>peotes</span> <span class='ocrx_word' id='word_1_60' title='bbox 678 973 784 1015; x_wconf 74' lang='lat' dir='ltr'>versus</span> <span class='ocrx_word' id='word_1_61' title='bbox 800 951 928 1013; x_wconf 88' lang='lat' dir='ltr'>totidem</span> <span class='ocrx_word' id='word_1_62' title='bbox 940 955 1077 1017; x_wconf 74' lang='lat' dir='ltr'>versibus</span> <span class='ocrx_word' id='word_1_63' title='bbox 1089 956 1170 1017; x_wconf 77' lang='lat' dir='ltr'>velle</span> 
     </span>
     <span class='ocr_line' id='line_1_9' title="bbox 62 1053 1173 1138; baseline 0.004 -23"><span class='ocrx_word' id='word_1_64' title='bbox 62 1053 247 1134; x_wconf 74' lang='lat' dir='ltr'>declarare),</span> <span class='ocrx_word' id='word_1_65' title='bbox 261 1054 373 1117; x_wconf 85' lang='lat' dir='ltr'>idcirco</span> <span class='ocrx_word' id='word_1_66' title='bbox 387 1054 425 1116; x_wconf 92' lang='lat' dir='ltr'>de</span> <span class='ocrx_word' id='word_1_67' title='bbox 439 1072 530 1117; x_wconf 87' lang='lat' dir='ltr'>sensu</span> <span class='ocrx_word' id='word_1_68' title='bbox 542 1066 572 1115; x_wconf 92' lang='lat' dir='ltr'>et</span> <span class='ocrx_word' id='word_1_69' title='bbox 586 1057 617 1117; x_wconf 81' lang='lat' dir='ltr'>ri</span> <span class='ocrx_word' id='word_1_70' title='bbox 631 1056 791 1117; x_wconf 78' lang='lat' dir='ltr'>verborum</span> <span class='ocrx_word' id='word_1_71' title='bbox 805 1067 924 1119; x_wconf 80' lang='lat' dir='ltr'>tentam</span> <span class='ocrx_word' id='word_1_72' title='bbox 935 1057 1056 1119; x_wconf 83' lang='lat' dir='ltr'>solliciti</span> <span class='ocrx_word' id='word_1_73' title='bbox 1066 1058 1173 1138; x_wconf 80' lang='lat' dir='ltr'>psnllo</span> 
     </span>
     <span class='ocr_line' id='line_1_10' title="bbox 60 1158 1169 1240; baseline 0.002 -21"><span class='ocrx_word' id='word_1_74' title='bbox 60 1160 242 1219; x_wconf 78' lang='lat' dir='ltr'>liberiorem</span> <span class='ocrx_word' id='word_1_75' title='bbox 262 1158 447 1219; x_wconf 73' lang='lat' dir='ltr'><strong>confecimus</strong></span> <span class='ocrx_word' id='word_1_76' title='bbox 468 1161 649 1221; x_wconf 76' lang='lat' dir='ltr'>versionem</span> <span class='ocrx_word' id='word_1_77' title='bbox 698 1160 830 1221; x_wconf 84' lang='lat' dir='ltr'>moltam</span> <span class='ocrx_word' id='word_1_78' title='bbox 850 1170 953 1221; x_wconf 82' lang='lat' dir='ltr'>autem</span> <span class='ocrx_word' id='word_1_79' title='bbox 983 1176 1107 1240; x_wconf 84' lang='lat' dir='ltr'>operam</span> <span class='ocrx_word' id='word_1_80' title='bbox 1134 1160 1169 1221; x_wconf 88' lang='lat' dir='ltr'>in</span> 
     </span>
     <span class='ocr_line' id='line_1_11' title="bbox 62 1259 1169 1343; baseline 0 -22"><span class='ocrx_word' id='word_1_81' title='bbox 62 1261 257 1321; x_wconf 66' lang='lat' dir='ltr'>Hnoimeru</span> <span class='ocrx_word' id='word_1_82' title='bbox 272 1259 453 1321; x_wconf 87' lang='lat' dir='ltr'>illustrando</span> <span class='ocrx_word' id='word_1_83' title='bbox 464 1263 697 1342; x_wconf 76' lang='lat' dir='ltr'>insumpsimus:</span> <span class='ocrx_word' id='word_1_84' title='bbox 723 1281 796 1322; x_wconf 88' lang='lat' dir='ltr'>nem</span> <span class='ocrx_word' id='word_1_85' title='bbox 808 1272 840 1323; x_wconf 84' lang='lat' dir='ltr'>et</span> <span class='ocrx_word' id='word_1_86' title='bbox 851 1264 1065 1343; x_wconf 76' lang='lat' dir='ltr'>prolegomena</span> <span class='ocrx_word' id='word_1_87' title='bbox 1077 1280 1169 1342; x_wconf 86' lang='lat' dir='ltr'>prae·</span> 
     </span>
     <span class='ocr_line' id='line_1_12' title="bbox 63 1345 1168 1448; baseline 0.004 -25"><span class='ocrx_word' id='word_1_88' title='bbox 63 1367 207 1423; x_wconf 83' lang='lat' dir='ltr'>misimus</span> <span class='ocrx_word' id='word_1_89' title='bbox 221 1374 251 1423; x_wconf 86' lang='lat' dir='ltr'>et</span> <span class='ocrx_word' id='word_1_90' title='bbox 264 1360 475 1434; x_wconf 69' lang='lat' dir='ltr'>adnotationes,</span> <span class='ocrx_word' id='word_1_91' title='bbox 487 1362 668 1442; x_wconf 82' lang='lat' dir='ltr'>adiecimus,</span> <span class='ocrx_word' id='word_1_92' title='bbox 696 1345 732 1423; x_wconf 85' lang='lat' dir='ltr'>nt</span> <span class='ocrx_word' id='word_1_93' title='bbox 749 1363 832 1448; x_wconf 87' lang='lat' dir='ltr'>quod</span> <span class='ocrx_word' id='word_1_94' title='bbox 844 1367 1018 1426; x_wconf 82' lang='lat' dir='ltr'>maximum</span> <span class='ocrx_word' id='word_1_95' title='bbox 1032 1374 1077 1425; x_wconf 86' lang='lat' dir='ltr'>est</span> <span class='ocrx_word' id='word_1_96' title='bbox 1091 1369 1168 1445; x_wconf 76' lang='lat' dir='ltr'>opos</span> 
     </span>
     <span class='ocr_line' id='line_1_13' title="bbox 62 1464 1168 1547; baseline 0 -20"><span class='ocrx_word' id='word_1_97' title='bbox 62 1464 207 1543; x_wconf 75' lang='lat' dir='ltr'><strong>Pisidae,</strong></span> <span class='ocrx_word' id='word_1_98' title='bbox 234 1469 386 1546; x_wconf 83' lang='lat' dir='ltr'>integrum</span> <span class='ocrx_word' id='word_1_99' title='bbox 405 1469 545 1528; x_wconf 86' lang='lat' dir='ltr'>exomni</span> <span class='ocrx_word' id='word_1_100' title='bbox 562 1477 647 1547; x_wconf 83' lang='lat' dir='ltr'>perte</span> <span class='ocrx_word' id='word_1_101' title='bbox 660 1465 795 1547; x_wconf 86' lang='lat' dir='ltr'>prodiret</span> <span class='ocrx_word' id='word_1_102' title='bbox 811 1471 845 1531; x_wconf 88' lang='lat' dir='ltr'>in</span> <span class='ocrx_word' id='word_1_103' title='bbox 857 1470 975 1544; x_wconf 80' lang='lat' dir='ltr'>lucem,</span> <span class='ocrx_word' id='word_1_104' title='bbox 1002 1486 1037 1525; x_wconf 88' lang='lat' dir='ltr'>ac</span> <span class='ocrx_word' id='word_1_105' title='bbox 1050 1466 1168 1527; x_wconf 83' lang='lat' dir='ltr'>nnllam</span> 
     </span>
     <span class='ocr_line' id='line_1_14' title="bbox 63 1566 1168 1649; baseline 0.001 -21"><span class='ocrx_word' id='word_1_106' title='bbox 63 1570 162 1629; x_wconf 83' lang='lat' dir='ltr'>aliam</span> <span class='ocrx_word' id='word_1_107' title='bbox 177 1570 212 1627; x_wconf 89' lang='lat' dir='ltr'>in</span> <span class='ocrx_word' id='word_1_108' title='bbox 232 1580 387 1649; x_wconf 88' lang='lat' dir='ltr'>posterum</span> <span class='ocrx_word' id='word_1_109' title='bbox 411 1566 593 1633; x_wconf 74' lang='lat' dir='ltr'>desideraret</span> <span class='ocrx_word' id='word_1_110' title='bbox 611 1590 738 1631; x_wconf 77' lang='lat' dir='ltr'>mentem</span> <span class='ocrx_word' id='word_1_111' title='bbox 758 1568 946 1631; x_wconf 82' lang='lat' dir='ltr'>adiutricem.</span> <span class='ocrx_word' id='word_1_112' title='bbox 986 1571 1021 1629; x_wconf 87' lang='lat' dir='ltr'>in</span> <span class='ocrx_word' id='word_1_113' title='bbox 1036 1566 1168 1631; x_wconf 80' lang='lat' dir='ltr'>editions</span> 
     </span>
     <span class='ocr_line' id='line_1_15' title="bbox 64 1672 1168 1753; baseline -0.001 -22"><span class='ocrx_word' id='word_1_114' title='bbox 64 1674 185 1731; x_wconf 85' lang='lat' dir='ltr'>Graeca</span> <span class='ocrx_word' id='word_1_115' title='bbox 198 1672 335 1735; x_wconf 76' lang='lat' dir='ltr'>Brunelii</span> <span class='ocrx_word' id='word_1_116' title='bbox 354 1682 471 1737; x_wconf 85' lang='lat' dir='ltr'>constet</span> <span class='ocrx_word' id='word_1_117' title='bbox 489 1678 599 1753; x_wconf 73' lang='lat' dir='ltr'>poema</span> <span class='ocrx_word' id='word_1_118' title='bbox 614 1674 724 1733; x_wconf 84' lang='lat' dir='ltr'>iambis</span> <span class='ocrx_word' id='word_1_119' title='bbox 745 1677 843 1750; x_wconf 81' lang='lat'><strong>1860,</strong></span> <span class='ocrx_word' id='word_1_120' title='bbox 870 1676 903 1733; x_wconf 91' lang='lat' dir='ltr'>in</span> <span class='ocrx_word' id='word_1_121' title='bbox 916 1673 1168 1733; x_wconf 77' lang='lat' dir='ltr'>Graeco-Latina</span> 
     </span>
     <span class='ocr_line' id='line_1_16' title="bbox 64 1773 1171 1857; baseline 0.002 -24"><span class='ocrx_word' id='word_1_122' title='bbox 64 1774 308 1840; x_wconf 79' lang='lat' dir='ltr'>iioreliii1880.</span> <span class='ocrx_word' id='word_1_123' title='bbox 350 1785 453 1835; x_wconf 86' lang='lat' dir='ltr'>nostre</span> <span class='ocrx_word' id='word_1_124' title='bbox 471 1794 571 1857; x_wconf 82' lang='lat' dir='ltr'>usque</span> <span class='ocrx_word' id='word_1_125' title='bbox 591 1773 631 1834; x_wconf 89' lang='lat' dir='ltr'>od</span> <span class='ocrx_word' id='word_1_126' title='bbox 653 1780 736 1841; x_wconf 85' lang='grc'><strong>1910</strong></span> <span class='ocrx_word' id='word_1_127' title='bbox 754 1792 859 1839; x_wconf 75' lang='lat' dir='ltr'>versus</span> <span class='ocrx_word' id='word_1_128' title='bbox 878 1774 1022 1837; x_wconf 80' lang='lat' dir='ltr'>exbibet:</span> <span class='ocrx_word' id='word_1_129' title='bbox 1049 1773 1171 1855; x_wconf 79' lang='lat' dir='ltr'>sliqrms</span> 
     </span>
     <span class='ocr_line' id='line_1_17' title="bbox 65 1876 1169 1955; baseline 0 -20"><span class='ocrx_word' id='word_1_130' title='bbox 65 1879 152 1935; x_wconf 84' lang='lat' dir='ltr'>enim</span> <span class='ocrx_word' id='word_1_131' title='bbox 172 1877 305 1937; x_wconf 69' lang='lat' dir='ltr'>senonas</span> <span class='ocrx_word' id='word_1_132' title='bbox 327 1876 402 1937; x_wconf 85' lang='lat' dir='ltr'>alibi</span> <span class='ocrx_word' id='word_1_133' title='bbox 420 1880 546 1939; x_wconf 74' lang='lat' dir='ltr'>cmnsos</span> <span class='ocrx_word' id='word_1_134' title='bbox 565 1888 597 1939; x_wconf 84' lang='lat' dir='ltr'>et</span> <span class='ocrx_word' id='word_1_135' title='bbox 613 1876 772 1939; x_wconf 87' lang='lat' dir='ltr'>hincinde</span> <span class='ocrx_word' id='word_1_136' title='bbox 787 1900 829 1941; x_wconf 84' lang='lat' dir='ltr'>ex</span> <span class='ocrx_word' id='word_1_137' title='bbox 841 1879 994 1940; x_wconf 70' lang='lat' dir='ltr'>codicibus</span> <span class='ocrx_word' id='word_1_138' title='bbox 1009 1884 1169 1955; x_wconf 82' lang='lat' dir='ltr'>excerptos</span> 
     </span>
    </p>
   </div>
   <div class='ocr_carea' id='block_1_3' title="bbox 65 1976 1274 2061">
    <p class='ocr_par' dir='ltr' id='par_1_3' title="bbox 65 1976 1274 2061">
     <span class='ocr_line' id='line_1_18' title="bbox 65 1976 1274 2061; baseline 0 -24"><span class='ocrx_word' id='word_1_139' title='bbox 65 1978 220 2039; x_wconf 85' lang='lat' dir='ltr'>suieloois</span> <span class='ocrx_word' id='word_1_140' title='bbox 232 1981 350 2039; x_wconf 72' lang='lat' dir='ltr'>nstitui</span> <span class='ocrx_word' id='word_1_141' title='bbox 367 1983 547 2047; x_wconf 69' lang='lat' dir='ltr'>curarimus.</span> <span class='ocrx_word' id='word_1_142' title='bbox 589 2000 699 2061; x_wconf 83' lang='lat' dir='ltr'>neque,</span> <span class='ocrx_word' id='word_1_143' title='bbox 723 1980 907 2058; x_wconf 75' lang='lat' dir='ltr'>uttidatnr,</span> <span class='ocrx_word' id='word_1_144' title='bbox 928 1976 1171 2061; x_wconf 81' lang='lat' dir='ltr'>sperandam-&#39;est</span> <span class='ocrx_word' id='word_1_145' title='bbox 1269 2004 1274 2009; x_wconf 94' lang='lat'>·</span> 
     </span>
    </p>
   </div>
   <div class='ocr_carea' id='block_1_4' title="bbox 64 2080 1219 4318">
    <p class='ocr_par' dir='ltr' id='par_1_4' title="bbox 64 2080 1219 4318">
     <span class='ocr_line' id='line_1_19' title="bbox 66 2080 1168 2160; baseline 0.002 -22"><span class='ocrx_word' id='word_1_146' title='bbox 66 2082 200 2160; x_wconf 86' lang='lat' dir='ltr'>emplius</span> <span class='ocrx_word' id='word_1_147' title='bbox 214 2091 247 2141; x_wconf 92' lang='lat' dir='ltr'>ut</span> <span class='ocrx_word' id='word_1_148' title='bbox 261 2084 295 2141; x_wconf 93' lang='lat' dir='ltr'>in</span> <span class='ocrx_word' id='word_1_149' title='bbox 308 2086 456 2143; x_wconf 86' lang='lat' dir='ltr'>maiorem</span> <span class='ocrx_word' id='word_1_150' title='bbox 468 2102 629 2147; x_wconf 88' lang='lat' dir='ltr'>numerum</span> <span class='ocrx_word' id='word_1_151' title='bbox 642 2094 818 2145; x_wconf 83' lang='lat' dir='ltr'>excrescant</span> <span class='ocrx_word' id='word_1_152' title='bbox 829 2082 864 2143; x_wconf 89' lang='lat' dir='ltr'>hi</span> <span class='ocrx_word' id='word_1_153' title='bbox 874 2086 1002 2159; x_wconf 66' lang='lat' dir='ltr'>emenii,</span> <span class='ocrx_word' id='word_1_154' title='bbox 1024 2083 1082 2141; x_wconf 89' lang='lat' dir='ltr'>etsi</span> <span class='ocrx_word' id='word_1_155' title='bbox 1093 2080 1168 2141; x_wconf 68' lang='lat' dir='ltr'>sbt-</span> 
     </span>
     <span class='ocr_line' id='line_1_20' title="bbox 67 2180 1168 2267; baseline 0.002 -26"><span class='ocrx_word' id='word_1_156' title='bbox 67 2180 122 2243; x_wconf 84' lang='lat' dir='ltr'>das</span> <span class='ocrx_word' id='word_1_157' title='bbox 133 2193 277 2261; x_wconf 88' lang='lat' dir='ltr'>testetur,</span> <span class='ocrx_word' id='word_1_158' title='bbox 309 2195 344 2246; x_wconf 92' lang='lat' dir='ltr'>ut</span> <span class='ocrx_word' id='word_1_159' title='bbox 356 2188 492 2267; x_wconf 73' lang='lat' dir='ltr'>superius</span> <span class='ocrx_word' id='word_1_160' title='bbox 511 2184 626 2248; x_wconf 87' lang='lat' dir='ltr'>dictum</span> <span class='ocrx_word' id='word_1_161' title='bbox 645 2197 708 2262; x_wconf 86' lang='lat' dir='ltr'>est,</span> <span class='ocrx_word' id='word_1_162' title='bbox 734 2198 782 2247; x_wconf 87' lang='lat' dir='ltr'>ter</span> <span class='ocrx_word' id='word_1_163' title='bbox 801 2187 982 2247; x_wconf 80' lang='lat' dir='ltr'>miila‘olim</span> <span class='ocrx_word' id='word_1_164' title='bbox 999 2186 1168 2245; x_wconf 82' lang='lat' dir='ltr'>constitisse</span> 
     </span>
     <span class='ocr_line' id='line_1_21' title="bbox 65 2286 1167 2368; baseline -0.003 -22"><span class='ocrx_word' id='word_1_165' title='bbox 65 2287 292 2360; x_wconf 77' lang='lat' dir='ltr'>Haeai&#39;merou,</span> <span class='ocrx_word' id='word_1_166' title='bbox 320 2300 351 2349; x_wconf 85' lang='lat' dir='ltr'>et</span> <span class='ocrx_word' id='word_1_167' title='bbox 368 2290 508 2351; x_wconf 78' lang='lat' dir='ltr'>Lebbeua</span> <span class='ocrx_word' id='word_1_168' title='bbox 520 2312 558 2368; x_wconf 84' lang='lat' dir='ltr'>p.</span> <span class='ocrx_word' id='word_1_169' title='bbox 576 2288 638 2355; x_wconf 80' lang='grc'>885</span> <span class='ocrx_word' id='word_1_170' title='bbox 658 2290 858 2351; x_wconf 83' lang='lat' dir='ltr'>Bibl..norae</span> <span class='ocrx_word' id='word_1_171' title='bbox 876 2306 940 2348; x_wconf 84' lang='lat' dir='ltr'>mss</span> <span class='ocrx_word' id='word_1_172' title='bbox 959 2300 1000 2347; x_wconf 84' lang='lat' dir='ltr'>ex</span> <span class='ocrx_word' id='word_1_173' title='bbox 1022 2286 1167 2363; x_wconf 71' lang='lat' dir='ltr'>catalogo</span> 
     </span>
     <span class='ocr_line' id='line_1_22' title="bbox 66 2388 1167 2472; baseline -0.002 -23"><span class='ocrx_word' id='word_1_174' title='bbox 66 2390 220 2469; x_wconf 72' lang='lat' dir='ltr'>Scipionis</span> <span class='ocrx_word' id='word_1_175' title='bbox 233 2392 329 2451; x_wconf 84' lang='lat' dir='ltr'>Tettii</span> <span class='ocrx_word' id='word_1_176' title='bbox 346 2402 494 2453; x_wconf 76' lang='lat' dir='ltr'><strong>memoret</strong></span> <span class='ocrx_word' id='word_1_177' title='bbox 507 2389 627 2451; x_wconf 87' lang='lat' dir='ltr'>Pisidae</span> <span class='ocrx_word' id='word_1_178' title='bbox 641 2392 936 2472; x_wconf 80' lang='lat' dir='ltr'>Cosmopoeiem&#39;ter</span> <span class='ocrx_word' id='word_1_179' title='bbox 955 2388 1041 2454; x_wconf 81' lang='lat' dir='ltr'>mille</span> <span class='ocrx_word' id='word_1_180' title='bbox 1061 2404 1167 2447; x_wconf 79' lang='lat' dir='ltr'>sersns</span> 
     </span>
     <span class='ocr_line' id='line_1_23' title="bbox 66 2491 1168 2575; baseline -0.003 -24"><span class='ocrx_word' id='word_1_181' title='bbox 66 2493 330 2573; x_wconf 75' lang='lat' dir='ltr'>complectentem.</span> <span class='ocrx_word' id='word_1_182' title='bbox 373 2515 450 2575; x_wconf 92' lang='lat' dir='ltr'>opus</span> <span class='ocrx_word' id='word_1_183' title='bbox 464 2494 628 2572; x_wconf 75' lang='lat' dir='ltr'>estsserglo</span> <span class='ocrx_word' id='word_1_184' title='bbox 643 2492 812 2572; x_wconf 76' lang='lat' dir='ltr'>patriarcha</span> <span class='ocrx_word' id='word_1_185' title='bbox 825 2491 971 2553; x_wconf 70' lang='lat' dir='ltr'>suadente</span> <span class='ocrx_word' id='word_1_186' title='bbox 984 2499 1168 2568; x_wconf 76' lang='lat' dir='ltr'>succeptum,</span> 
     </span>
     <span class='ocr_line' id='line_1_24' title="bbox 67 2592 1168 2676; baseline -0.002 -23"><span class='ocrx_word' id='word_1_187' title='bbox 67 2597 159 2676; x_wconf 87' lang='lat' dir='ltr'>eique</span> <span class='ocrx_word' id='word_1_188' title='bbox 172 2596 269 2655; x_wconf 90' lang='lat' dir='ltr'>multa</span> <span class='ocrx_word' id='word_1_189' title='bbox 286 2595 411 2657; x_wconf 84' lang='lat' dir='ltr'>laudum</span> <span class='ocrx_word' id='word_1_190' title='bbox 425 2592 684 2657; x_wconf 74' lang='lat' dir='ltr'>commendatione</span> <span class='ocrx_word' id='word_1_191' title='bbox 697 2593 841 2655; x_wconf 84' lang='lat' dir='ltr'>dicatum.</span> <span class='ocrx_word' id='word_1_192' title='bbox 882 2597 917 2655; x_wconf 89' lang='lat' dir='ltr'>in</span> <span class='ocrx_word' id='word_1_193' title='bbox 934 2602 986 2669; x_wconf 86' lang='lat' dir='ltr'>eo,</span> <span class='ocrx_word' id='word_1_194' title='bbox 1014 2592 1168 2652; x_wconf 74' lang='lat' dir='ltr'>morsus</span> 
     </span>
     <span class='ocr_line' id='line_1_25' title="bbox 65 2693 1169 2779; baseline -0.001 -24"><span class='ocrx_word' id='word_1_195' title='bbox 65 2699 170 2757; x_wconf 87' lang='lat' dir='ltr'>Procli</span> <span class='ocrx_word' id='word_1_196' title='bbox 183 2699 322 2775; x_wconf 88' lang='lat' dir='ltr'>nomine,</span> <span class='ocrx_word' id='word_1_197' title='bbox 343 2698 510 2762; x_wconf 76' lang='lat' dir='ltr'>Iohannem</span> <span class='ocrx_word' id='word_1_198' title='bbox 523 2696 727 2777; x_wconf 76' lang='lat' dir='ltr'>Phuopcnmn</span> <span class='ocrx_word' id='word_1_199' title='bbox 739 2702 804 2779; x_wconf 87' lang='lat' dir='ltr'>peti</span> <span class='ocrx_word' id='word_1_200' title='bbox 816 2700 849 2757; x_wconf 88' lang='lat' dir='ltr'>in</span> <span class='ocrx_word' id='word_1_201' title='bbox 860 2707 996 2759; x_wconf 83' lang='lat' dir='ltr'>mentem</span> <span class='ocrx_word' id='word_1_202' title='bbox 1008 2696 1091 2754; x_wconf 79' lang='lat' dir='ltr'>venit</span> <span class='ocrx_word' id='word_1_203' title='bbox 1103 2693 1169 2772; x_wconf 71' lang='lat' dir='ltr'>pri-⁴</span> 
     </span>
     <span class='ocr_line' id='line_1_26' title="bbox 64 2796 1169 2882; baseline -0.003 -24"><span class='ocrx_word' id='word_1_204' title='bbox 64 2820 157 2859; x_wconf 87' lang='lat' dir='ltr'>mum</span> <span class='ocrx_word' id='word_1_205' title='bbox 170 2802 285 2876; x_wconf 75' lang='lat' dir='ltr'>careo,</span> <span class='ocrx_word' id='word_1_206' title='bbox 305 2822 340 2861; x_wconf 85' lang='lat' dir='ltr'>ec</span> <span class='ocrx_word' id='word_1_207' title='bbox 355 2800 464 2861; x_wconf 87' lang='lat' dir='ltr'>deinde</span> <span class='ocrx_word' id='word_1_208' title='bbox 477 2804 570 2863; x_wconf 83' lang='lat' dir='ltr'>etiem</span> <span class='ocrx_word' id='word_1_209' title='bbox 586 2798 722 2877; x_wconf 75' lang='lat' dir='ltr'>Ourima,</span> <span class='ocrx_word' id='word_1_210' title='bbox 745 2799 828 2882; x_wconf 91' lang='lat' dir='ltr'>quod</span> <span class='ocrx_word' id='word_1_211' title='bbox 841 2799 959 2861; x_wconf 79' lang='lat' dir='ltr'>anobis</span> <span class='ocrx_word' id='word_1_212' title='bbox 973 2800 1011 2857; x_wconf 87' lang='lat' dir='ltr'>in</span> <span class='ocrx_word' id='word_1_213' title='bbox 1022 2796 1169 2874; x_wconf 72' lang='lat' dir='ltr'>Protago-</span> 
     </span>
     <span class='ocr_line' id='line_1_27' title="bbox 65 2894 1171 2986; baseline 0 -25"><span class='ocrx_word' id='word_1_214' title='bbox 65 2905 170 2961; x_wconf 87' lang='lat' dir='ltr'>menis</span> <span class='ocrx_word' id='word_1_215' title='bbox 181 2901 271 2963; x_wconf 81' lang='lat' dir='ltr'>letius</span> <span class='ocrx_word' id='word_1_216' title='bbox 286 2904 481 2985; x_wconf 75' lang='lat' dir='ltr'>expenditur-z</span> <span class='ocrx_word' id='word_1_217' title='bbox 503 2902 558 2965; x_wconf 86' lang='lat' dir='ltr'>sed</span> <span class='ocrx_word' id='word_1_218' title='bbox 576 2924 734 2986; x_wconf 78' lang='lat' dir='ltr'>perpetem</span> <span class='ocrx_word' id='word_1_219' title='bbox 755 2900 828 2963; x_wconf 89' lang='lat' dir='ltr'>inde</span> <span class='ocrx_word' id='word_1_220' title='bbox 845 2905 914 2983; x_wconf 89' lang='lat' dir='ltr'>ipsa</span> <span class='ocrx_word' id='word_1_221' title='bbox 927 2902 1007 2961; x_wconf 75' lang='lat' dir='ltr'>Cava</span> <span class='ocrx_word' id='word_1_222' title='bbox 1027 2909 1058 2959; x_wconf 89' lang='lat' dir='ltr'>et</span> <span class='ocrx_word' id='word_1_223' title='bbox 1072 2894 1171 2961; x_wconf 57' lang='lat' dir='ltr'>octe</span> 
     </span>
     <span class='ocr_line' id='line_1_28' title="bbox 66 3000 1169 3088; baseline -0.005 -25"><span class='ocrx_word' id='word_1_224' title='bbox 66 3025 128 3064; x_wconf 85' lang='lat' dir='ltr'>nus</span> <span class='ocrx_word' id='word_1_225' title='bbox 142 3002 315 3065; x_wconf 77' lang='lat' dir='ltr'>indicerent</span> <span class='ocrx_word' id='word_1_226' title='bbox 325 3006 409 3065; x_wconf 87' lang='lat' dir='ltr'>idem</span> <span class='ocrx_word' id='word_1_227' title='bbox 423 3004 482 3067; x_wconf 88' lang='lat' dir='ltr'>hoo</span> <span class='ocrx_word' id='word_1_228' title='bbox 502 3028 567 3069; x_wconf 88' lang='lat' dir='ltr'>esse</span> <span class='ocrx_word' id='word_1_229' title='bbox 582 3026 664 3088; x_wconf 82' lang='lat' dir='ltr'>opus·</span> <span class='ocrx_word' id='word_1_230' title='bbox 673 3026 743 3065; x_wconf 89' lang='lat' dir='ltr'>oum</span> <span class='ocrx_word' id='word_1_231' title='bbox 756 3011 913 3085; x_wconf 70' lang='lat' dir='ltr'>poemate,</span> <span class='ocrx_word' id='word_1_232' title='bbox 944 3000 1060 3085; x_wconf 81' lang='lat' dir='ltr'>quode</span> <span class='ocrx_word' id='word_1_233' title='bbox 1072 3002 1169 3061; x_wconf 70' lang='lat' dir='ltr'>occs-</span> 
     </span>
     <span class='ocr_line' id='line_1_29' title="bbox 68 3099 1169 3190; baseline -0.005 -25"><span class='ocrx_word' id='word_1_234' title='bbox 68 3110 123 3187; x_wconf 85' lang='lat' dir='ltr'>gic</span> <span class='ocrx_word' id='word_1_235' title='bbox 136 3116 239 3169; x_wconf 82' lang='lat' dir='ltr'>nostro</span> <span class='ocrx_word' id='word_1_236' title='bbox 252 3106 369 3190; x_wconf 77' lang='grc' dir='ltr'>μέτροις</span> <span class='ocrx_word' id='word_1_237' title='bbox 382 3102 517 3190; x_wconf 68' lang='lat' dir='ltr'>doiorum</span> <span class='ocrx_word' id='word_1_238' title='bbox 530 3105 629 3189; x_wconf 74' lang='grc' dir='ltr'><strong><em>ὥσπερ</em></strong></span> <span class='ocrx_word' id='word_1_239' title='bbox 643 3108 760 3172; x_wconf 73' lang='grc' dir='ltr'>εἴθιστο</span> <span class='ocrx_word' id='word_1_240' title='bbox 770 3099 915 3189; x_wconf 69' lang='grc' dir='ltr'>γράφειν,</span> <span class='ocrx_word' id='word_1_241' title='bbox 943 3114 1052 3164; x_wconf 85' lang='lat' dir='ltr'>contra·</span> <span class='ocrx_word' id='word_1_242' title='bbox 1061 3100 1169 3161; x_wconf 77' lang='lat' dir='ltr'>Philo·</span> 
     </span>
     <span class='ocr_line' id='line_1_30' title="bbox 67 3204 1171 3291; baseline 0.001 -22"><span class='ocrx_word' id='word_1_243' title='bbox 67 3230 187 3291; x_wconf 90' lang='lat' dir='ltr'>ponum</span> <span class='ocrx_word' id='word_1_244' title='bbox 208 3221 367 3269; x_wconf 83' lang='lat' dir='ltr'>exaratum</span> <span class='ocrx_word' id='word_1_245' title='bbox 385 3230 451 3271; x_wconf 84' lang='lat' dir='ltr'>esse</span> <span class='ocrx_word' id='word_1_246' title='bbox 471 3209 572 3291; x_wconf 79' lang='lat' dir='ltr'>prodit</span> <span class='ocrx_word' id='word_1_247' title='bbox 585 3208 770 3291; x_wconf 85' lang='lat' dir='ltr'>Nicephorus</span> <span class='ocrx_word' id='word_1_248' title='bbox 784 3207 838 3268; x_wconf 77' lang='lat' dir='ltr'>rib.</span> <span class='ocrx_word' id='word_1_249' title='bbox 859 3210 898 3273; x_wconf 78' lang='lat'>1⁸</span> <span class='ocrx_word' id='word_1_250' title='bbox 913 3228 942 3265; x_wconf 85' lang='lat' dir='ltr'>o.</span> <span class='ocrx_word' id='word_1_251' title='bbox 958 3204 1012 3270; x_wconf 71' lang='lat'>48·</span> <span class='ocrx_word' id='word_1_252' title='bbox 1053 3222 1126 3263; x_wconf 70' lang='lat' dir='ltr'>mm</span> <span class='ocrx_word' id='word_1_253' title='bbox 1138 3211 1171 3261; x_wconf 65' lang='grc' dir='ltr'>οἱ</span> 
     </span>
     <span class='ocr_line' id='line_1_31' title="bbox 69 3308 1219 3393; baseline -0.003 -21"><span class='ocrx_word' id='word_1_254' title='bbox 69 3333 185 3375; x_wconf 80' lang='lat' dir='ltr'>errnsee</span> <span class='ocrx_word' id='word_1_255' title='bbox 197 3309 402 3393; x_wconf 82' lang='lat' dir='ltr'>Nicephorum</span> <span class='ocrx_word' id='word_1_256' title='bbox 424 3324 454 3373; x_wconf 89' lang='lat' dir='ltr'>et</span> <span class='ocrx_word' id='word_1_257' title='bbox 471 3314 581 3374; x_wconf 77' lang='lat' dir='ltr'>falsum</span> <span class='ocrx_word' id='word_1_258' title='bbox 598 3316 721 3374; x_wconf 85' lang='lat' dir='ltr'>omuino</span> <span class='ocrx_word' id='word_1_259' title='bbox 741 3332 806 3373; x_wconf 88' lang='lat' dir='ltr'>esse</span> <span class='ocrx_word' id='word_1_260' title='bbox 825 3308 1170 3373; x_wconf 63' lang='lat' dir='ltr'>coniecturamnonw</span> <span class='ocrx_word' id='word_1_261' title='bbox 1214 3328 1219 3337; x_wconf 84' lang='lat'><em>·</em></span> 
     </span>
     <span class='ocr_line' id='line_1_32' title="bbox 69 3411 1171 3497; baseline -0.005 -22"><span class='ocrx_word' id='word_1_262' title='bbox 69 3414 143 3475; x_wconf 86' lang='lat' dir='ltr'>iude</span> <span class='ocrx_word' id='word_1_263' title='bbox 156 3419 284 3497; x_wconf 89' lang='lat' dir='ltr'>petitam</span> <span class='ocrx_word' id='word_1_264' title='bbox 294 3435 371 3475; x_wconf 87' lang='lat' dir='ltr'>mox</span> <span class='ocrx_word' id='word_1_265' title='bbox 383 3414 653 3481; x_wconf 70' lang='lat' dir='ltr'>demonstrabimus</span> <span class='ocrx_word' id='word_1_266' title='bbox 663 3462 671 3493; x_wconf 90' lang='lat'>,</span> <span class='ocrx_word' id='word_1_267' title='bbox 693 3434 764 3475; x_wconf 91' lang='lat' dir='ltr'>oum</span> <span class='ocrx_word' id='word_1_268' title='bbox 773 3413 812 3474; x_wconf 88' lang='lat' dir='ltr'>da</span> <span class='ocrx_word' id='word_1_269' title='bbox 824 3420 969 3494; x_wconf 76' lang='lat' dir='ltr'>poemata</span> <span class='ocrx_word' id='word_1_270' title='bbox 976 3414 1010 3471; x_wconf 89' lang='lat' dir='ltr'>in</span> <span class='ocrx_word' id='word_1_271' title='bbox 1028 3411 1171 3469; x_wconf 69' lang='lat' dir='ltr'>&amp;voum</span> 
     </span>
     <span class='ocr_line' id='line_1_33' title="bbox 69 3515 1172 3599; baseline -0.006 -22"><span class='ocrx_word' id='word_1_272' title='bbox 69 3538 209 3598; x_wconf 83' lang='lat' dir='ltr'>agemus.</span> <span class='ocrx_word' id='word_1_273' title='bbox 253 3528 386 3579; x_wconf 83' lang='lat' dir='ltr'>ceterum</span> <span class='ocrx_word' id='word_1_274' title='bbox 396 3517 516 3577; x_wconf 77' lang='lat' dir='ltr'>Pisidae</span> <span class='ocrx_word' id='word_1_275' title='bbox 532 3520 730 3599; x_wconf 80' lang='lat' dir='ltr'>Cusmopoeia</span> <span class='ocrx_word' id='word_1_276' title='bbox 750 3527 814 3577; x_wconf 88' lang='lat' dir='ltr'>tota</span> <span class='ocrx_word' id='word_1_277' title='bbox 834 3518 943 3576; x_wconf 73' lang='lat' dir='ltr'>referte</span> <span class='ocrx_word' id='word_1_278' title='bbox 963 3526 1008 3575; x_wconf 86' lang='lat' dir='ltr'>est</span> <span class='ocrx_word' id='word_1_279' title='bbox 1026 3515 1172 3593; x_wconf 78' lang='lat' dir='ltr'>piioaen-</span> 
     </span>
     <span class='ocr_line' id='line_1_34' title="bbox 69 3614 1172 3701; baseline -0.004 -22"><span class='ocrx_word' id='word_1_280' title='bbox 69 3623 192 3697; x_wconf 64' lang='lat' dir='ltr'>tenum,</span> <span class='ocrx_word' id='word_1_281' title='bbox 221 3622 330 3701; x_wconf 84' lang='lat' dir='ltr'>quibus</span> <span class='ocrx_word' id='word_1_282' title='bbox 350 3618 391 3679; x_wconf 92' lang='lat' dir='ltr'>ad</span> <span class='ocrx_word' id='word_1_283' title='bbox 406 3619 541 3681; x_wconf 74' lang='lat' dir='ltr'>divinem</span> <span class='ocrx_word' id='word_1_284' title='bbox 552 3624 742 3683; x_wconf 79' lang='lat' dir='ltr'>maiestatem</span> <span class='ocrx_word' id='word_1_285' title='bbox 753 3616 1021 3698; x_wconf 76' lang='lat' dir='ltr'>contemplandum·</span> <span class='ocrx_word' id='word_1_286' title='bbox 1028 3635 1070 3676; x_wconf 85' lang='lat' dir='ltr'>ex</span> <span class='ocrx_word' id='word_1_287' title='bbox 1082 3614 1172 3675; x_wconf 84' lang='lat' dir='ltr'>rebus</span> 
     </span>
     <span class='ocr_line' id='line_1_35' title="bbox 69 3715 1173 3803; baseline -0.007 -22"><span class='ocrx_word' id='word_1_288' title='bbox 69 3725 182 3785; x_wconf 79' lang='lat' dir='ltr'>creatis</span> <span class='ocrx_word' id='word_1_289' title='bbox 193 3742 282 3785; x_wconf 86' lang='lat' dir='ltr'>mens</span> <span class='ocrx_word' id='word_1_290' title='bbox 294 3722 427 3793; x_wconf 81' lang='lat' dir='ltr'>humane</span> <span class='ocrx_word' id='word_1_291' title='bbox 438 3726 573 3783; x_wconf 79' lang='lat' dir='ltr'>maxime</span> <span class='ocrx_word' id='word_1_292' title='bbox 585 3726 719 3803; x_wconf 84' lang='lat' dir='ltr'>erigitur.</span> <span class='ocrx_word' id='word_1_293' title='bbox 763 3724 908 3801; x_wconf 87' lang='lat' dir='ltr'>scriptum</span> <span class='ocrx_word' id='word_1_294' title='bbox 921 3730 976 3797; x_wconf 84' lang='lat' dir='ltr'>est,</span> <span class='ocrx_word' id='word_1_295' title='bbox 997 3729 1032 3779; x_wconf 92' lang='lat' dir='ltr'>ut</span> <span class='ocrx_word' id='word_1_296' title='bbox 1044 3715 1173 3791; x_wconf 82' lang='lat' dir='ltr'>ridetur,</span> 
     </span>
     <span class='ocr_line' id='line_1_36' title="bbox 68 3814 1174 3907; baseline -0.001 -22"><span class='ocrx_word' id='word_1_297' title='bbox 68 3814 133 3885; x_wconf 71' lang='lat' dir='ltr'>hoo</span> <span class='ocrx_word' id='word_1_298' title='bbox 147 3845 224 3907; x_wconf 83' lang='lat' dir='ltr'>opus</span> <span class='ocrx_word' id='word_1_299' title='bbox 239 3828 315 3885; x_wconf 77' lang='lat' dir='ltr'>airon</span> <span class='ocrx_word' id='word_1_300' title='bbox 329 3846 442 3887; x_wconf 88' lang='lat' dir='ltr'>annum</span> <span class='ocrx_word' id='word_1_301' title='bbox 454 3829 527 3901; x_wconf 75' lang='grc'><strong>629,</strong></span> <span class='ocrx_word' id='word_1_302' title='bbox 549 3846 609 3907; x_wconf 86' lang='lat' dir='ltr'>quo</span> <span class='ocrx_word' id='word_1_303' title='bbox 624 3824 931 3905; x_wconf 80' lang='lat' dir='ltr'>temporeileraolius</span> <span class='ocrx_word' id='word_1_304' title='bbox 944 3818 1076 3884; x_wconf 84' lang='lat' dir='ltr'>secando</span> <span class='ocrx_word' id='word_1_305' title='bbox 1090 3818 1174 3877; x_wconf 65' lang='lat' dir='ltr'>hollo</span> 
     </span>
     <span class='ocr_line' id='line_1_37' title="bbox 69 3924 1174 4008; baseline -0.001 -20"><span class='ocrx_word' id='word_1_306' title='bbox 69 3928 213 3989; x_wconf 78' lang='lat' dir='ltr'>confecto</span> <span class='ocrx_word' id='word_1_307' title='bbox 225 3931 291 3992; x_wconf 87' lang='lat' dir='ltr'>iam</span> <span class='ocrx_word' id='word_1_308' title='bbox 303 3927 460 3989; x_wconf 73' lang='lat' dir='ltr'>Persidem</span> <span class='ocrx_word' id='word_1_309' title='bbox 472 3928 641 4008; x_wconf 71' lang='lat' dir='ltr'>subegerat.</span> <span class='ocrx_word' id='word_1_310' title='bbox 683 3930 727 3985; x_wconf 87' lang='lat' dir='ltr'>ita</span> <span class='ocrx_word' id='word_1_311' title='bbox 748 3928 830 3987; x_wconf 88' lang='lat' dir='ltr'>enim</span> <span class='ocrx_word' id='word_1_312' title='bbox 840 3924 943 3988; x_wconf 77' lang='lat' dir='ltr'>Pisida</span> <span class='ocrx_word' id='word_1_313' title='bbox 959 3926 1106 4003; x_wconf 69' lang='lat' dir='ltr'>Sergium·</span> <span class='ocrx_word' id='word_1_314' title='bbox 1117 3935 1174 3999; x_wconf 69' lang='grc' dir='ltr'>ΡΝ</span> 
     </span>
     <span class='ocr_line' id='line_1_38' title="bbox 68 4015 1176 4108; baseline -0.001 -16"><span class='ocrx_word' id='word_1_315' title='bbox 68 4032 215 4093; x_wconf 79' lang='lat' dir='ltr'>Heraclio</span> <span class='ocrx_word' id='word_1_316' title='bbox 228 4044 366 4097; x_wconf 80' lang='lat' dir='ltr'>urentem</span> <span class='ocrx_word' id='word_1_317' title='bbox 379 4032 494 4094; x_wconf 83' lang='lat' dir='ltr'>indu‘oit</span> <span class='ocrx_word' id='word_1_318' title='bbox 506 4051 536 4099; x_wconf 75' lang='lat' dir='ltr'>r.</span> <span class='ocrx_word' id='word_1_319' title='bbox 553 4028 632 4097; x_wconf 75' lang='lat'>1845</span> <span class='ocrx_word' id='word_1_320' title='bbox 641 4048 658 4101; x_wconf 74' lang='grc' dir='ltr'>ι,</span> <span class='ocrx_word' id='word_1_321' title='bbox 674 4029 733 4094; x_wconf 72' lang='lat' dir='ltr'>sni</span> <span class='ocrx_word' id='word_1_322' title='bbox 741 4025 795 4105; x_wconf 67' lang='lat' dir='ltr'>tir</span> <span class='ocrx_word' id='word_1_323' title='bbox 806 4025 861 4094; x_wconf 72' lang='lat' dir='ltr'>so&#39;r</span> <span class='ocrx_word' id='word_1_324' title='bbox 872 4028 907 4095; x_wconf 70' lang='grc' dir='ltr'>ἔτι</span> <span class='ocrx_word' id='word_1_325' title='bbox 919 4031 977 4093; x_wconf 80' lang='lat' dir='ltr'>sori</span> <span class='ocrx_word' id='word_1_326' title='bbox 988 4015 1176 4108; x_wconf 56' lang='lat' dir='ltr'>aposloli&amp;-</span> 
     </span>
     <span class='ocr_line' id='line_1_39' title="bbox 67 4119 1177 4220; baseline -0.008 -21"><span class='ocrx_word' id='word_1_327' title='bbox 67 4158 111 4199; x_wconf 83' lang='grc' dir='ltr'>τιι</span> <span class='ocrx_word' id='word_1_328' title='bbox 124 4130 160 4197; x_wconf 74' lang='grc' dir='ltr'>ια’</span> <span class='ocrx_word' id='word_1_329' title='bbox 171 4128 286 4218; x_wconf 69' lang='lat' dir='ltr'>spuitur</span> <span class='ocrx_word' id='word_1_330' title='bbox 298 4131 353 4203; x_wconf 77' lang='lat' dir='ltr'>edu</span> <span class='ocrx_word' id='word_1_331' title='bbox 364 4128 589 4220; x_wconf 73' lang='grc' dir='ltr'><strong><em>ιιοσμορόστην,</em></strong></span> <span class='ocrx_word' id='word_1_332' title='bbox 610 4127 666 4199; x_wconf 75' lang='lat' dir='ltr'>re&#39;o</span> <span class='ocrx_word' id='word_1_333' title='bbox 680 4126 812 4217; x_wconf 62' lang='lat' dir='ltr'>omnm</span> <span class='ocrx_word' id='word_1_334' title='bbox 824 4131 1002 4216; x_wconf 64' lang='lat' dir='ltr'>fleotimo,-</span> <span class='ocrx_word' id='word_1_335' title='bbox 1015 4129 1128 4211; x_wconf 68' lang='lat' dir='ltr'>potsse</span> <span class='ocrx_word' id='word_1_336' title='bbox 1141 4119 1177 4191; x_wconf 77' lang='lat' dir='ltr'>di</span> 
     </span>
     <span class='ocr_line' id='line_1_40' title="bbox 117 4235 974 4318; baseline 0.001 -19"><span class='ocrx_word' id='word_1_337' title='bbox 117 4242 219 4318; x_wconf 73' lang='lat' dir='ltr'>Gurg.</span> <span class='ocrx_word' id='word_1_338' title='bbox 241 4244 326 4303; x_wconf 71' lang='lat' dir='ltr'>rtur</span> <span class='ocrx_word' id='word_1_339' title='bbox 951 4235 974 4300; x_wconf 80' lang='lat'>2</span> 
     </span>
    </p>
   </div>
   <div class='ocr_carea' id='block_1_5' title="bbox 0 0 1413 4709">
    <p class='ocr_par' dir='ltr' id='par_1_5' title="bbox 0 0 1413 4709">
     <span class='ocr_line' id='line_1_41' title="bbox 0 0 1413 4709; baseline 0 0"><span class='ocrx_word' id='word_1_340' title='bbox 0 0 1413 4709; x_wconf 95' lang='lat' dir='ltr'> </span> 
     </span>
    </p>
   </div>
  </div>
 </body>
</html>
