2792 4709
307 152 328 197 ²
387 189 584 262 munem
606 188 814 262 tenorem
838 193 865 262 ι.
953 178 960 188 ’
1125 192 1175 265 os

58 378 131 421 vos
154 367 239 419 tanta
259 358 370 419 virtute
393 359 548 442 animique
565 363 732 421 constantia
749 359 876 436 devicit,
896 371 932 420 ut
949 360 1034 441 gravi
1051 360 1176 421 vnlnere

57 456 215 527 accepto,
237 444 305 524 ipso
326 446 489 525 speciosior
506 447 651 525 sanguine
673 456 704 505 et
723 449 789 527 ipso
809 448 943 527 periculo
963 448 1175 525 166666636-

62 535 169 607 stior,
200 528 336 590 hostium
360 541 446 609 terga
471 531 646 612 praecidere
671 550 829 613 nunquam
858 530 1014 593 destiterit.
1056 532 1175 605 Ounno.

62 636 171 698 quem
190 615 305 677 latebat
325 619 425 675 Nonni
452 615 515 698 (46
535 615 599 697 66)
625 616 730 696 Ῥῆνος
751 610 937 699 οἶσημᾶνιοιο
956 613 1179 697 θιμιστοπόὶος

59 706 211 766 τοπιτοῖο
226 711 257 761 et
270 720 349 783 qnae
361 702 514 762 Gemerus
526 704 626 762 attolit
637 702 677 762 ad
690 701 847 763 claudian.
862 703 962 763 nufin.
975 706 997 767 2
1020 707 1092 767 112.

162 786 216 852 61.
253 790 401 847 limenius
419 789 453 845 ιἰι
467 787 646 895 Adopri'sp.
662 792 736 855 862.
778 782 854 870 τύχη
875 785 1031 875 Εὔριπος,
1054 798 1084 849 et
1101 788 1176 875 Pin7

64 870 170 932 dam
186 872 279 953 Pyth.
299 877 336 937 δι
358 869 451 954 ὄλβος
465 865 497 936 δ’
511 895 569 937 ove
582 872 614 948 tr
627 869 746 955 poncio
761 868 885 959 ἀνδρῶν
898 873 1020 959 foraret.

163 956 217 1023 68.
258 958 372 1019 confer.
386 958 535 1017 Ηιιαϊοι.
551 978 583 1019 v.
595 959 657 1024 818
673 971 778 1040 etseq.

162 1046 215 1106 60.
257 1041 356 1104 codix
382 1046 416 1102 in
442 1046 579 1123 margIne
600 1042 693 1103 hebet
713 1043 829 1119 πάντας
851 1040 1019 1125 [uticem.
1061 1044 1177 1103 inutilis

65 1124 267 1189 emendatio:
286 1149 360 1187 nam
374 1148 437 1189 vox
448 1124 565 1205 πάντας
576 1133 698 1211 respicit
709 1128 749 1189 ad
762 1125 879 1209 φύσεις.
923 1128 961 1189 de
979 1132 1124 1189 sermonis
1146 1130 1178 1186 vi

66 1212 117 1274 aad
146 1232 194 1273 res
223 1232 417 1297 quascunque
445 1214 635 1277 exornandas
661 1214 888 1276 accommodata
911 1226 1014 1275 noster
1032 1216 1124 1274 otiam
1145 1214 1179 1272 in

66 1297 225 1369 Abarior'e
238 1321 268 1360 ν.
285 1301 346 1364 169
361 1311 462 1381 etseq.
1027 1294 1033 1311 “

162 1382 216 1448 64.
257 1382 353 1461 ludit,
374 1396 412 1445 ut
428 1396 527 1465 patet,
551 1388 586 1445 in
604 1386 697 1446 verbo
717 1378 862 1469 γρᾶφιιν,
885 1384 968 1469 quod
987 1404 1082 1467 aeque
1102 1385 1177 1444 scri·

69 1471 151 1529 bere
166 1490 201 1529 ao
215 1473 339 1553 pingere
354 1472 512 1551 significat.

162 1558 215 1618 66.
258 1567 377 1635 sumpta
389 1560 544 1617 occasione
557 1557 594 1615 ab
609 1557 798 1637 eloquentiae
812 1558 965 1633 faurltate,
988 1575 1080 1639 quam
1094 1552 1133 1614 de
1145 1574 1178 1613 re

71 1658 259 1721 quacunque
277 1640 386 1700 diserte
401 1652 432 1701 et
447 1646 592 1701 concinne
604 1662 693 1722 porse
709 1642 808 1702 dicere
822 1653 901 1702 recte
917 1641 1064 1717 decernit,
1088 1644 1130 1699 ita
1144 1643 1177 1697 in

71 1724 187 1786 landes
199 1729 325 1785 Homeri
340 1729 486 1804 excurrit,
510 1737 545 1786 ut
559 1748 630 1786 eum
643 1730 742 1807 potius
758 1738 860 1809 carpat
873 1748 909 1786 eo
925 1730 996 1808 quia
1010 1747 1099 1786 verae
1114 1729 1178 1784 vir-

72 1814 169 1888 tutis,
191 1812 289 1893 qualis
301 1810 427 1872 heroem
441 1811 543 1888 decet,
565 1833 626 1871 non
636 1810 775 1874 habuerit
789 1816 1005 1893 cognitionem,
1028 1809 1178 1893 siquidem

73 1916 148 1955 eam
160 1916 252 1977 quam
264 1901 330 1977 ipse
344 1901 494 1958 Homerus
505 1895 629 1957 exhibet
642 1896 743 1958 herois
756 1903 938 1979 imaginem,
959 1909 1105 1978 tanquam
1118 1900 1179 1954 mi-

72 2002 137 2041 nos
152 1994 254 2062 aptam
268 1985 407 2043 Heraclio
422 1982 672 2065 repraesentando
685 1990 809 2065 respuit,
830 1996 860 2044 et
872 1973 949 2067 'qum
963 1986 1002 2044 sit
1015 1986 1103 2046 unica
1115 1984 1178 2041 vir·

74 2078 129 2127 tus
152 2087 231 2148 quae
249 2072 350 2127 virum
369 2071 462 2129 faciat
482 2071 646 2145 illustrem,
675 2086 811 2153 quaeque
832 2074 864 2129 in
886 2070 1024 2129 Heraclio
1043 2068 1179 2128 maxime

74 2156 203 2230 enituit,
226 2156 360 2234 exponit.
404 2166 435 2214 at
455 2154 493 2215 de
515 2158 641 2215 Homeri
663 2155 804 2217 laudibus
828 2154 903 2239 quid
922 2165 1038 2235 oportet
1056 2152 1179 2213 dicerei
1309 2175 1311 2188 ¹

72 2236 192 2298 videsis
206 2242 387 2320 Dionysium
402 2242 664 2301 Halicarnasseum
676 2242 714 2300 de
728 2262 857 2320 concoct.
872 2240 954 2301 verb.
971 2234 1071 2305 tom'.2
1108 2239 1180 2315 .5l,

75 2326 133 2406 qni
152 2328 319 2385 Homerum
339 2329 459 2385 vocavit
473 2322 616 2407 κορυφήν
632 2321 779 2389 indutor
792 2326 845 2390 ναὶ
862 2320 979 2389 σκοπόν
986 2370 995 2403 ,
1017 2326 1048 2400 ἐξ
1064 2261 1105 2388 oi
1115 2344 1181 2399 πως

74 2405 193 2486 πάντες
204 2410 334 2490 ποταμοὶ
345 2412 398 2474 καὶ
408 2416 493 2475 πᾶσα
504 2408 646 2473 θάλασσα
658 2410 710 2473 stul
723 2416 819 2475 πᾶσαι
831 2408 950 2492 κρῆναι.
995 2410 1111 2469 celebre
1125 2428 1182 2467 au-

76 2506 144 2553 tem
160 2506 206 2555 est
222 2495 323 2557 Ovidii
337 2496 470 2576 elogium
483 2497 593 2555 Amor.
609 2499 631 2560 2
653 2499 673 2559 9
692 2494 752 2572 25,
774 2495 856 2579 quod
877 2516 946 2555 oum
966 2487 1094 2554 Pisidae'
1111 2495 1182 2554 lau·

77 2578 169 2640 dibus
185 2581 359 2643 concordate
386 2582 486 2641 adiice
505 2580 703 2654 Moeom'den,
724 2603 746 2641 a
768 2602 840 2662 quo,
862 2602 916 2641 ceu
931 2580 1182 2662 sonte'permm',

76 2676 185 2725 votum
201 2670 310 2726 Pierio
325 2669 533 2747 orarigontur
542 2668 641 2748 oquae.
1090 2663 1094 2677 “

164 2754 216 2817 68.
258 2756 403 2823 iuvenum
422 2765 539 2812 mentes
562 2772 602 2813 ex
624 2754 749 2811 Homeri
770 2752 900 2811 lectione
921 2753 962 2811 611
979 2762 1009 2811 et
1024 2748 1180 2810 fecundari

78 2834 201 2912 dicens,
223 2840 288 2899 eius
306 2845 446 2919 poemata
467 2842 559 2898 etiam
572 2836 749 2899 Christianis
764 2840 796 2896 in
811 2836 926 2899 deliciis
938 2839 1049 2914 fuisse,
1070 2839 1104 2895 ni
1119 2837 1181 2894 ial-

75 2924 142 2998 lor,
164 2921 358 2984 demonstret.

163 3013 216 3073 70.
258 3011 387 3070 Galaton
406 3014 519 3091 pictor,
550 3009 679 3071 Aeliano
704 3010 778 3070 Var.
803 3012 889 3069 Her.
916 3011 953 3072 13
981 3012 1024 3072 22
1050 3014 1179 3079 auctore,

78 3094 246 3153 Homerum
274 3100 510 3176 repraesentavit
535 3096 681 3176 ἒμοῦντα,
710 3092 782 3168 τούς
806 3093 840 3157 dl
861 3091 971 3167 ἄλλους
991 3087 1119 3170 uolneris·
1141 3085 1180 3153 td
1246 3101 1250 3115 ’

76 3177 268 3259 {properum
283 3176 485 3263 dpvopivoor;
505 3202 598 3263 quam
611 3183 759 3260 picturam
775 3180 875 3239 forsan
890 3181 989 3237 innuit
1003 3186 1116 3236 noster.

164 3269 217 3329 72.
259 3270 425 3327 Homerum
440 3288 500 3327 non
513 3266 654 3326 habuisse
668 3266 833 3345 perfectam
846 3267 964 3324 virtutis
978 3265 1181 3341 cognitionem

78 3347 199 3410 videtur
217 3348 366 3412 adserere.
408 3356 510 3433 ipsmn
530 3357 655 3412 virtutes
673 3370 736 3411 non
755 3349 955 3430 seiungendas
972 3350 1083 3423 διτταῖς
1097 3350 1182 3431 pepl—
1242 3408 1244 3413 .

80 3438 142 3509 ζιιν
158 3438 221 3498 rete
236 3434 334 3520 λόγων
350 3434 485 3518 νοήμασι
507 3458 542 3497 ea
563 3438 602 3497 de
621 3458 711 3497 cansa
731 3440 837 3517 opinor
856 3435 946 3512 dicit,
970 3436 1021 3493 vel
1041 3438 1126 3515 quia,
1148 3444 1182 3491 ut

78 3519 258 3581 Plutarchus
270 3523 325 3582 lib.
340 3523 462 3583 deaud.
474 3525 557 3602 poit.
574 3528 630 3598 ait,
653 3520 706 3585 ded
729 3522 784 3604 pir
804 3516 930 3595 Ἰλιάδος
950 3514 1094 3601 dcdpeiov
1121 3514 1184 3581 osi-

78 3629 189 3686 ματος,
211 3604 264 3671 διαὶ
285 3606 319 3671 δὲ
337 3614 393 3689 τῆς
409 3604 584 3683 Ὀδυσσείας
599 3613 702 3688 ψυχῆς
718 3605 915 3693 γενναιότητα
928 3610 1074 3690 παριστᾷ,
1097 3606 1184 3664 ateio

80 3693 221 3751 virtutem
240 3697 370 3753 activam
381 3714 400 3754 6
413 3697 642 3774 contemplativa
656 3692 814 3773 disiungit3
837 3694 887 3751 vel
902 3694 972 3772 quia
987 3692 1088 3751 omnia
1104 3709 1182 3772 quae

79 3776 171 3836 tradit
184 3782 335 3840 Homerus
348 3792 484 3839 nontam
495 3777 537 3838 ad
546 3778 717 3859 mythicum
730 3798 862 3853 sensum,
878 3796 970 3859 quern
980 3778 1080 3837 statim
1094 3795 1182 3857 prae-

79 3862 195 3939 ferunt,
225 3884 318 3947 quem
341 3864 381 3924 ed
402 3864 535 3925 ethicum
556 3868 638 3925 intus
660 3866 806 3925 latentem
827 3866 888 3923 sint
910 3858 1128 3944 expendenda,
1149 3870 1184 3919 ut

79 3947 163 4008 idem
180 3948 363 4010 Plutarchus
380 3950 455 4009 ibid.
479 3961 509 4009 et
524 3953 678 4010 Maximus
691 3952 804 4030 Tyrius
815 3950 945 4009 Ducere.
963 3953 1002 4012 16
1018 3947 1185 4006 lucidenter

79 4033 219 4115 probant.
241 4036 298 4095 sed
307 4039 407 4116 primo
420 4037 509 4095 nobis
521 4040 619 4114 magis
635 4034 753 4095 adridet
765 4038 913 4095 sententia
927 4052 1020 4117 quam
1032 4028 1186 4091 Mamur

78 4119 247 4180 confirmat.
291 4124 430 4203 quamtis
449 4123 533 4180 enim
548 4123 603 4180 ille
619 4124 787 4181 Homerum
800 4138 992 4199 summopere
1005 4118 1185 4199 suspexerit,

80 4204 160 4265 illud
178 4217 281 4266 temen
299 4205 420 4268 ridetur
437 4205 600 4268 concedere
617 4206 700 4289 quod
715 4207 819 4268 Pisida
834 4200 1043 4288 reprehendit,
1064 4202 1184 4264 nullum
