2792 4709
142 104 147 116 ’
194 141 265 218 142
449 137 660 226 ousncrus
683 137 730 204 nt
754 134 1027 204 nnmeusors

189 311 319 376 Amaia.
338 305 434 376 2480
448 303 485 366 de
498 302 633 366 Pantheo
648 300 818 386 Othryade,
839 303 1296 386 quemnacpa'etcsnecApal-

192 400 263 460 litua
278 401 311 456 in
326 395 381 455 ula
396 395 475 451 terit

276 397 335 546 tis
350 483 477 540 citantur
496 473 530 535 hi
547 486 608 536 tres
629 475 738 535 senarii
750 493 768 532 a
781 472 876 534 Suida
890 475 924 532 in
938 493 967 532 r.
981 471 1097 555 ἔγγυον.
1139 476 1296 535 Aemilius

191 573 299 632 Portus
313 569 427 645 legerat
439 566 470 622 in
484 561 615 623 secundo
631 555 768 641 Xocpdou
782 559 919 644 λέγοντος
932 579 986 638 pro
1001 555 1158 641 λήγοντος,
1171 583 1211 620 ac
1224 582 1296 641 pro-

191 653 264 715 inde
277 661 404 712 verterat
419 659 570 708 annuente
583 667 637 729 pro
656 647 819 722 deJtcisme.
864 646 985 705 consule
1009 665 1085 727 quae
1109 650 1146 705 in
1165 649 1232 706 line
1250 667 1297 706 se·

193 738 308 800 candae
327 747 357 795 et
375 739 407 794 in
425 728 572 815 principio
591 735 695 792 tertiae
713 751 867 792 acroaseos
882 732 919 790 de
932 731 1049 809 Esped.
1068 730 1296 805 adnotavimus,

193 837 227 886 ut
241 824 391 902 intelligas
411 839 464 880 cur
480 818 531 879 bic
552 825 640 900 potta
660 820 767 878 lunam
779 815 914 878 hortatur
930 827 964 878 ut
977 827 1096 878 mortuo
1108 817 1255 880 chasma
1267 821 1296 876 ia

191 929 246 972 suo
264 909 430 992 plenilunio
447 907 609 966 clarissime
625 903 825 984 resplendeat.

277 999 310 1059 8.
350 997 512 1075 θεοοργεῑν
522 986 579 1070 τὴν
591 991 697 1068 arura,
718 989 859 1048 honorem
870 987 924 1048 dec
939 987 1072 1047 debitam
1083 988 1177 1048 rebus
1188 993 1298 1050 creati

191 1079 337 1153 triduom
368 1075 449 1160 quod
465 1080 518 1159 qui
530 1078 659 1152 iaciunt,
691 1079 755 1135 reri
768 1085 839 1134 sunt
849 1073 1024 1134 idololatrae
1042 1086 1077 1134 ut
1087 1079 1224 1152 Persae,
1247 1082 1298 1158 qui

191 1165 271 1226 bona
284 1185 357 1245 pace
371 1161 508 1224 Thomae
522 1161 614 1244 Hydii
629 1171 658 1220 et
672 1179 779 1222 eorum
791 1163 845 1242 qui
857 1180 928 1220 cum
938 1159 1039 1243 Hydio
1051 1164 1199 1240 sentiunt,
1212 1175 1298 1223 erant

192 1271 297 1312 revera
310 1244 504 1332 dospcltirpus
517 1259 547 1308 et
557 1244 770 1329 πυροολάτροι.
1361 1262 1362 1265 ’

278 1341 328 1401 10.
372 1329 499 1414 φόνους,
520 1345 593 1414 puto
605 1331 655 1392 laic
673 1354 739 1393 esse
751 1352 901 1414 equorum
915 1331 1068 1407 saorfficia,
1090 1353 1171 1414 quos
1183 1335 1299 1393 Persae

192 1423 251 1482 soli
265 1422 471 1481 immolabant.
513 1419 583 1480 vide
601 1417 638 1478 de
658 1418 775 1498 Exped.
798 1423 815 1483 1
834 1417 875 1482 24
893 1429 923 1476 et
942 1439 1023 1498 seqq.
1045 1419 1090 1476 ibi
1108 1422 1195 1480 euim
1205 1428 1300 1500 poeta

191 1509 352 1567 Persarum
373 1507 531 1566 stultitiam
551 1505 630 1565 salse
647 1503 761 1564 irridet.
803 1501 854 1562 bio
869 1515 972 1562 autem
986 1504 1083 1563 solem
1095 1517 1206 1564 monet
1224 1519 1263 1566 ut
1281 1527 1300 1564 a
1364 1508 1365 1527 ¹

193 1595 339 1672 sauguine
360 1593 551 1650 victimarum
573 1611 605 1650 se
620 1591 745 1650 abluens
760 1589 900 1650 omnibus
914 1599 1057 1650 testatum
1068 1591 1173 1669 faciat,
1195 1612 1233 1652 ae
1248 1613 1299 1650 re-

193 1697 300 1757 spuere
316 1676 458 1737 sacrificia
471 1678 591 1735 nonnisi
605 1675 661 1735 deo
675 1673 839 1735 offerenda.

279 1760 330 1824 14.
374 1763 445 1820 acite
463 1781 504 1818 ex
514 1763 673 1820 Persarum
688 1759 832 1821 doctrina.
854 1757 915 1820 duo
928 1761 1010 1818 enim
1023 1770 1108 1818 erant
1123 1759 1210 1840 apud
1221 1765 1301 1820 Per·
1367 1832 1368 1835 Ἴ

194 1867 242 1908 sas
263 1865 380 1906 summa
402 1847 526 1903 numina
541 1844 722 1906 Oromazdes
742 1858 773 1905 et
786 1847 975 1922 Arimanius,
1004 1846 1062 1905 sibi
1075 1849 1213 1904 invicem
1223 1868 1301 1906 con-
1368 1918 1369 1921 Ἰ

193 1935 302 2008 traria,
331 1948 459 2012 quorum
477 1949 572 1993 rmum
593 1941 655 1990 erat
676 1932 842 2006 bonorum,
871 1933 999 1991 altermn
1012 1932 1164 2006 malorum
1179 1933 1253 1992 fons
1270 1945 1302 1992 et
1368 1924 1369 1929 ¹

193 2021 294 2096 origo:
316 2028 350 2076 ut
366 2019 447 2075 enim
463 2015 642 2076 Dromazdes
658 2017 752 2092 lucis,
775 2019 818 2075 ita
832 2019 1005 2077 Arimanius
1020 2027 1122 2076 auctor
1134 2017 1239 2076 fuerat
1251 2029 1302 2076 te-

192 2103 364 2160 nebrarum.
407 2100 479 2160 hinc
491 2113 592 2162 tantus
607 2097 703 2162 honor
714 2103 772 2163 soli
788 2104 850 2162 luci
865 2113 895 2160 et
907 2105 973 2182 igni
985 2101 1107 2165 habitus
1123 2113 1169 2162 est
1189 2123 1209 2162 a
1223 2107 1302 2162 Per-

193 2189 253 2262 sis,
281 2197 314 2246 ut
330 2187 430 2246 ubivis
445 2187 581 2248 locorum
597 2199 696 2250 essent
713 2191 844 2246 excitata
860 2189 991 2269 templa,
1020 2207 1097 2270 quae
1116 2195 1232 2270 πυρεῖα
1249 2189 1301 2246 vel

193 2277 360 2352 superlicio
374 2272 567 2334 vocabantur.
610 2275 691 2334 intus
706 2275 787 2332 enim
804 2275 884 2353 ignia
897 2294 988 2354 super
1005 2293 1071 2334 aras
1084 2276 1203 2354 positus
1223 2274 1302 2334 reli-

194 2359 362 2436 giosissime
377 2360 538 2435 colebatur,
559 2361 612 2441 qni
624 2380 663 2418 ne
677 2379 813 2440 unquam
826 2361 1061 2438 extingueretur,
1081 2360 1221 2417 maxima
1235 2371 1301 2418 erat

193 2445 353 2522 Magorum
365 2465 445 2504 cura.
488 2456 619 2526 praestat
631 2446 732 2525 legere
745 2441 890 2504 Bruckeri
904 2447 989 2504 lint.
1007 2448 1073 2503 crit.
1089 2445 1210 2503 Philas.
1223 2457 1298 2503 toas.

195 2528 214 2590 1
232 2527 286 2586 lib.
303 2534 334 2604 2,
356 2549 415 2612 quo
430 2551 520 2589 nemo
534 2533 644 2592 melius
656 2535 817 2592 Persarum
830 2541 963 2610 systema
975 2531 1150 2610 explicavit.
1190 2531 1301 2611 itaque

193 2611 296 2671 Pisida
310 2635 350 2672 ex
363 2617 523 2674 Persarum
536 2617 654 2695 placitis
670 2615 742 2676 dicit
758 2615 923 2676 Chosroam
937 2636 955 2675 a
971 2617 1056 2690 luce,
1078 2635 1171 2696 quam
1184 2616 1300 2675 adora-

194 2696 261 2770 bat,
278 2701 311 2754 in
324 2699 476 2774 tenebras,
498 2699 532 2758 id
547 2704 636 2759 estin
652 2713 831 2780 potestatem
845 2699 967 2776 diaboli,
989 2700 1149 2760 cecidisse:
1170 2704 1197 2760 si
1213 2705 1302 2760 enim

192 2781 256 2838 ulla
269 2779 343 2841 fides
355 2783 504 2843 Arabibus
518 2787 721 2864 scriptoribus,
736 2785 905 2847 Abulfedaa
918 2789 1090 2846 testimonio
1104 2785 1185 2866 apud
1196 2789 1301 2846 Poco-

194 2861 297 2924 olium
314 2867 401 2946 Sper.
418 2867 488 2928 nte.
505 2869 606 2928 Arab.
623 2891 657 2948 p.
675 2871 737 2937 146
751 2874 808 2932 lux
824 2883 869 2932 est
880 2873 980 2932 Persis
995 2870 1078 2930 idem
1093 2891 1129 2931 ac
1145 2869 1219 2930 deus
1238 2872 1301 2930 bo-

192 2969 267 3026 nus,
300 2961 331 3010 et
348 2955 489 3013 tenebrae
508 2954 656 3016 diabolus.
699 2966 731 3014 at
743 2956 847 3016 Pisida
860 2958 963 3016 forsan
974 2953 1027 3015 hic
1040 2977 1189 3015 carcerem
1200 2960 1301 3016 etiam

194 3034 342 3116 designat,
364 3041 397 3098 in
415 3058 505 3120 quem
517 3039 663 3102 Chosroes
678 3043 783 3102 Siroae
797 3043 853 3100 filii
868 3046 953 3102 iussu
969 3044 1120 3101 coniectus
1135 3052 1195 3116 est,
1214 3061 1300 3122 quae

192 3123 354 3192 vocabatur
376 3120 500 3200 ἆοῖκος
519 3130 576 3192 τοῦ
596 3123 722 3203 σκότου,
753 3138 788 3186 ut
808 3137 910 3186 narrat
929 3124 1133 3207 Theophanes
1153 3149 1192 3206 p.
1218 3131 1299 3202 271,

194 3207 329 3348 qui,hut
348 3209 421 3268 alibi
442 3216 632 3289 monuimus,
659 3215 785 3272 minime
808 3215 957 3273 consentit
976 3231 1045 3272 cum
1058 3223 1159 3272 nostro
1173 3213 1301 3272 iambo-

193 3307 267 3366 grap
291 3311 319 3350 ο.

279 3374 330 3438 15.
372 3375 538 3453 Persidem,
559 3381 663 3461 inqua
676 3393 762 3442 erant
774 3383 884 3462 ubique
895 3382 1000 3440 altaria
1011 3383 1044 3440 in
1056 3379 1203 3440 honorem
1214 3381 1301 3462 ignis

194 3467 355 3533 exstructa,
377 3461 502 3536 fornaci,
523 3467 662 3545 inquam
674 3469 784 3527 Daniel
797 3479 843 3526 est
857 3469 1000 3543 iniectus,
1021 3487 1085 3526 non
1097 3465 1222 3546 illepide
1237 3464 1301 3526 ad-

194 3543 316 3618 similat,
338 3554 371 3602 ut
384 3544 543 3606 Danielem
558 3551 686 3611 alterum
696 3554 790 3613 fuisse
806 3551 989 3612 demonstret
1001 3553 1184 3612 Heraclium.

279 3632 330 3693 16.
371 3629 491 3690 Daniel.
508 3655 535 3692 c.
554 3639 574 3699 3
596 3637 648 3702 50.

281 3717 331 3777 17.
373 3713 446 3772 that.
467 3719 518 3782 48.

278 3801 330 3861 20.
373 3801 480 3860 Persas
496 3814 603 3884 aequat
617 3803 787 3882 Chaldaeis,
810 3808 862 3888 qui
876 3827 893 3866 a
907 3807 1062 3878 leonibus,
1084 3806 1193 3887 quibus
1207 3805 1299 3864 obie-

195 3891 260 4023 ΞΜ
273 3885 383 3944 Daniel
393 3885 516 3948 illaesus
531 3901 683 3967 eraserat,
705 3903 851 3973 tanquam
865 3891 957 3958 αἴτιοι
967 3897 1025 3974 τῆς
1035 3885 1185 3966 danielus
1197 3885 1299 3954 αὐτοῦ

219 3971 329 4027 evorati
346 3981 426 4029 sunt.

279 4058 332 4119 22.
375 4053 558 4133 Chaeream,
585 4079 678 4140 quem
694 4080 792 4140 nuper
809 4059 1095 4122 Nabuchodonosori
1117 4060 1155 4120 cb
1172 4078 1297 4117 morum

196 4134 345 4197 feritatem
364 4145 563 4220 comparavit,
590 4164 670 4205 nunc
690 4147 729 4206 ob
749 4149 859 4206 mentis
879 4148 1066 4226 superbiam,
1098 4155 1129 4203 et
1144 4146 1298 4206 insauim
