2792 4709
211 200 284 279 134
654 200 866 289 Quaestus

207 375 272 433 lem
288 380 430 453 putamnt
448 380 581 445 veteres,
607 378 780 451 penetrem
795 368 969 429 Heraclium
982 364 1147 447 significet3
1180 364 1215 425 id
1231 365 1309 449 qnod

209 462 341 539 apertius
354 456 498 537 exprimit
513 458 546 515 in
558 455 739 515 Hemchied.
756 458 774 517 1
799 454 872 519 1⁵6.

293 544 367 610 256.
407 552 505 625 mpter
525 542 673 615 Heraclii,
699 552 776 600 teste
795 535 984 619 Theophane
993 559 1029 616 p.
1046 536 1126 613 250,
1148 538 1310 597 vocabatur

205 625 387 708 Epiphania.
431 647 467 686 ea
481 628 568 707 (lpoli
588 626 732 706 degebat,
767 644 837 684 cum
856 624 936 683 lilius
951 623 1108 683 Heraclius
1124 626 1262 702 primum
1275 642 1311 681 ex

206 715 307 774 Africa
320 715 501 794 Byzantium
514 714 613 788 veuit,
629 719 678 771 'ut
691 710 827 770 Phocum
840 720 1002 789 tyrannum
1017 728 1110 788 regno
1125 710 1310 767 exturbaret.

205 796 308 858 Phoca
321 818 393 857 vero
405 810 534 858 mauem
548 818 618 857 oum
629 796 765 857 Eudocia
777 816 873 855 uxore
887 796 1018 854 Heraclii
1032 798 1065 852 in
1079 796 1237 874 imperiali
1249 814 1309 853 mo-

206 886 336 943 nasterio
349 887 450 943 Notae
465 885 671 944 Poeuitentiae
692 881 853 961 diligenter
871 878 1072 941 adservandas
1086 880 1225 939 inclusit.
1267 882 1310 938 ni-

206 967 379 1028 hilominm·
387 971 491 1028 multis
509 967 609 1028 adhuc
626 971 712 1029 annis
725 965 929 1049 Epiphaniam
944 968 1058 1027 vixisse
1070 984 1128 1025 nos
1141 976 1252 1026 monet
1264 968 1310 1023 Pi-

207 1053 284 1114 aida.
328 1056 442 1115 similes
457 1075 560 1115 versus
575 1056 675 1135 legere
689 1056 780 1114 estin
791 1050 993 1119 Heracliad.1
1014 1050 1073 1117 165
1091 1062 1122 1111 et
1139 1050 1180 1110 de
1197 1050 1310 1132 Exped.

294 1224 368 1289 268.
409 1225 511 1304 plures
531 1227 595 1284 iam
614 1225 693 1286 filios
715 1246 756 1285 ex
776 1222 911 1285 Eudocia
932 1225 1063 1303 primum
1084 1242 1119 1283 ao
1142 1222 1258 1283 deinde
1277 1242 1311 1279 ex

208 1312 338 1369 Martius
357 1322 529 1392 susceperat
548 1312 721 1387 Heracliae,
764 1331 833 1369 oum
854 1314 887 1369 iu
908 1312 1062 1371 Orientem
1085 1310 1245 1389 profectus
1263 1318 1310 1383 est,

208 1415 286 1477 quos
298 1406 402 1456 tamen
416 1398 503 1477 Cpoli
519 1400 697 1460 remansisse
710 1396 811 1477 prodit
826 1394 996 1456 Chronicon
1009 1392 1118 1454 Pasch.
1130 1417 1170 1474 p.
1186 1394 1265 1459 714.

294 1483 368 1545 266.
412 1480 547 1543 dehisce
562 1484 669 1542 litteris
683 1484 768 1541 nulla
782 1485 896 1542 mentio
913 1480 994 1561 apud
1013 1491 1127 1541 ceteros
1144 1480 1311 1539 historicos.

294 1569 368 1631 273.
409 1570 489 1628 inter
514 1590 617 1629 muros
643 1568 726 1628 urhis
747 1569 806 1628 fuit
828 1570 882 1649 qui
902 1570 1007 1626 Murus
1026 1569 1129 1627 Novus
1153 1565 1311 1625 diceretur.

210 1646 342 1709 eundem
363 1670 429 1710 esse
450 1673 486 1712 ao
509 1652 768 1737 Theodosiacum,
799 1656 852 1735 qui
869 1650 1077 1714 aTheodosio
1098 1654 1220 1711 iuniore
1236 1669 1310 1707 anno

209 1734 272 1799 418
287 1745 453 1796 exstrucma
467 1749 514 1797 est
528 1750 559 1797 et
570 1751 675 1819 postea
686 1742 801 1820 pluries
813 1742 1005 1812 instauratus,
1021 1735 1128 1797 suadet
1140 1734 1311 1795 chronicon

208 1818 355 1881 Paschale
366 1843 403 1900 p.
419 1826 481 1887 717
496 1844 621 1883 namne
643 1827 677 1882 in
699 1824 831 1884 adventu
846 1822 982 1903 chagani
1000 1825 1117 1903 equites
1133 1820 1311 1901 peditesque

210 1905 302 1970 irdou
314 1906 456 1991 γενέσθαι
470 1914 528 1971 rori
537 1908 610 1972 νέου
624 1910 830 1975 Θεοδοαιααοῦ
844 1912 958 1989 τείχους
971 1912 1026 1973 τοῦ
1040 1902 1151 1987 ταύτης
1162 1912 1218 1987 τῆς
1230 1908 1312 1987 βασι-

208 1992 292 2065 λίδος
304 1987 428 2065 πόλεως.
471 1994 541 2053 vide
552 1996 638 2074 plura
655 1998 689 2052 in
706 1995 793 2074 Cpoli
809 1996 918 2055 Clamat.
933 1994 1069 2071 ltb.·1p.
1087 1991 1138 2056 40.
1182 1990 1313 2052 tedfor-

206 2094 263 2135 san
276 2075 353 2135 haee
365 2079 496 2158 intelligi
508 2092 636 2160 possunt
647 2078 686 2139 de
701 2099 788 2139 muro
803 2082 840 2139 ab
856 2081 995 2139 Heraclio
1009 2077 1049 2137 ad
1062 2076 1248 2138 Blachernas
1263 2080 1313 2135 in-

209 2169 331 2236 structo,
347 2172 382 2221 ut
394 2174 496 2222 contra
509 2167 650 2225 barbaros
664 2177 743 2225 emet
755 2168 862 2246 templi
875 2168 1049 2225 munimen:
1071 2184 1143 2223 uam
1156 2166 1188 2223 in
1201 2164 1313 2224 eodem

209 2244 357 2307 chronico
376 2248 537 2310 Paschali:
569 2255 615 2336 aqi
633 2250 660 2314 sl
682 2250 741 2314 ἔτει
761 2251 914 2332 βασιλείας
936 2246 1111 2333 Ἡρακλείου
1133 2250 1261 2329 ἐκτίσθη
1282 2244 1314 2311 ni
1371 2278 1372 2317 t

209 2338 306 2413 τεῖχος
319 2334 435 2409 &oder
446 2340 508 2398 τοῖν
519 2338 699 2419 disgressio.
742 2336 862 2401 πλέκειν
878 2337 959 2417 τείχη
975 2356 1041 2395 esse
1053 2338 1161 2415 opinor
1174 2339 1216 2395 ita
1231 2354 1313 2393 moe-

206 2419 398 2562 modlmuoire
416 2431 451 2481 ut
467 2419 625 2483 hostilium
641 2432 859 2483 tormentorum
875 2420 1144 2503 machinarumque
1165 2425 1244 2481 ictus
1263 2440 1313 2479 re·

205 2512 260 2561 eun
282 2507 432 2585 possint.

294 2594 367 2655 278.
411 2594 567 2654 Heraclius
587 2596 726 2676 quamvis
746 2614 766 2654 e
783 2604 878 2653 matre
898 2604 929 2653 et
949 2594 1064 2653 civibus
1079 2592 1208 2651 multum
1222 2590 1314 2649 solli-

209 2672 268 2731 cite
281 2686 446 2751 revocatus,
470 2688 504 2735 ut
514 2680 597 2738 urhis
607 2682 741 2759 periculo
756 2690 950 2755 succurreret,
963 2680 1061 2737 noluit
1073 2698 1090 2736 e
1100 2675 1222 2737 Perside
1238 2698 1313 2758 pro-

207 2757 329 2903 Quodis
346 2779 387 2908 qe
397 2758 534 2910 ῗέιὲαοοο
549 2768 629 2825 vires
643 2776 819 2825 resumeret.
861 2763 945 2825 idem
957 2764 1111 2823 oonfirmat
1123 2760 1226 2824 Pisida
1242 2765 1314 2822 He-
1371 2764 1372 2859 l

206 2862 261 2901 roc
328 2887 336 2901 .
460 2888 469 2905 .
698 2880 712 2894 .
1371 2880 1372 2897 r

291 2933 365 2996 280.
408 2949 449 2990 ex
462 2930 610 2994 chronico
621 2932 761 2995 Paschali
772 2935 943 3015 colligimus
956 2935 996 2995 ad
1007 2938 1090 2997 urbis
1102 2933 1314 2997 defensionem

208 3026 325 3094 reperta
340 3016 450 3093 fuisse,
473 3039 542 3079 cum
558 3019 719 3102 Ghaganus
733 3020 772 3080 de
785 3041 820 3080 ea
832 3020 977 3083 vastanda
992 3026 1151 3105 cogitaret,
1174 3026 1314 3106 equitum
1371 3024 1372 3027 ’

207 3098 368 3162 duodecim
381 3105 488 3165 millia.

293 3192 367 3254 281.
409 3185 478 3253 κατ’
500 3186 605 3255 αὐτοῖν
627 3205 701 3274 poto
725 3192 840 3255 dictum
857 3214 911 3274 pro
932 3189 1002 3258 κατ’
1022 3186 1134 3270 eheu,
1162 3204 1197 3253 nt
1222 3212 1314 3275 saepe

204 3265 288 3351 duria
302 3293 357 3351 pro
370 3270 419 3350 σί,
441 3296 511 3334 oum
521 3277 624 3337 Pisida
636 3281 769 3361 loquitur
783 3278 821 3339 da
832 3281 982 3340 Heraclio.

290 3357 365 3422 295.
408 3374 572 3421 consonant
590 3361 667 3422 haec
689 3385 759 3424 oum
778 3367 815 3425 iis
835 3386 912 3450 quae
929 3367 1072 3447 leguntur
1088 3366 1122 3424 in
1137 3362 1313 3424 narratione

205 3434 245 3495 de
258 3439 340 3501 helio
352 3443 481 3504 Abatico
496 3444 576 3505 edita
594 3468 612 3505 a
624 3450 814 3511 combefisio.

290 3528 365 3590 298.
407 3527 504 3588 codex
515 3529 607 3591 habet
621 3530 790 3614 τοσούτων,
813 3534 867 3596 sed
883 3557 974 3617 super
992 3559 1016 3598 o
1032 3536 1206 3617 appositum
1219 3544 1266 3595 est
1284 3556 1313 3601 ο.
1371 3550 1372 3577 ¹

288 3612 363 3677 801.
405 3614 549 3675 mandata
560 3628 624 3676 tam
638 3618 771 3680 studiose
786 3622 997 3703 perficiebant,
1024 3633 1058 3681 ut
1075 3623 1234 3681 exsecutio
1252 3623 1312 3680 im-

204 3699 317 3777 peratis
331 3696 371 3756 ad
387 3704 532 3761 amussim
542 3704 748 3784 responderet.

203 3786 390 3929 Ησαῗὲξά
406 3784 439 3843 id
457 3791 606 3868 praestitit
623 3793 656 3849 in
676 3794 837 3872 poematiis
859 3792 897 3853 cla
916 3792 1033 3873 Erpsd.
1057 3792 1201 3853 Heraeis
1226 3802 1257 3851 et
1281 3794 1312 3850 io

288 3958 362 4019 sta.
391 3914 553 4039 'dapem
570 3956 743 4042 ὑπηκόους,
771 3963 877 4043 Sergio
895 3964 1044 4024 subiectos
1060 3954 1187 4044 eiusque
1198 3982 1311 4043 paren·
1371 3954 1372 4011 ἶ

203 4048 250 4097 tes
262 4036 351 4115 dioto,
369 4046 503 4123 appellat
517 4047 662 4107 militares
676 4047 777 4125 duces,
788 4059 946 4131 propterea
960 4047 1043 4131 quod
1053 4052 1155 4129 ipsum
1169 4050 1310 4129 Sergium

203 4125 410 4272 {32:31
423 4149 529 4194 omnes
542 4136 692 4212 tenuisse,
719 4146 865 4217 tanquam
881 4154 987 4198 verum
999 4136 1072 4195 belli
1084 4136 1308 4215 imperatorem,
1371 4174 1372 4207 ,
