2792 4709
243 174 296 255 91
712 176 884 249 ΡΕΙῊΙΙ

239 342 510 411 folmarum.
543 340 1355 427 bspoutorautesspmsespr'talr'alsebdmdaeo·

245 454 314 491 nem
329 434 460 512 oppos&
489 443 519 491 et
531 436 784 493 omnnemuirm
797 425 1203 494 vmde'torssocor'demt’ae
1214 450 1356 507 appone-

243 529 330 589 rant,
350 528 482 579 otmaro
505 516 827 579 minusculas.
866 516 1355 597 pempaeciasaeumats

153 602 523 683 rstmpamoruuts,
541 600 1355 683 uiwmmpepnlesmummheodomdaen-

240 690 373 769 perflue.
419 707 460 747 ex
479 690 588 770 quibus
604 690 755 767 colligitur
770 691 918 769 populum
932 687 1104 769 praefixam
1117 687 1160 745 ab
1174 689 1355 767 imperatore

245 776 407 835 terminum
430 770 620 836 hebdomada
640 773 739 835 solida
754 776 957 855 praevenisse.
995 775 1031 833 in
1047 773 1224 831 annalibus
1244 772 1354 831 eoniu-
1374 831 1375 838 ,

244 870 294 919 tur
310 856 368 919 hoo
382 860 416 917 in
430 878 458 919 e.
470 860 504 919 C.
517 857 590 925 545.
631 879 739 921 verum
754 862 893 942 sequenti
907 860 997 938 plana
1011 860 1143 937 contigit
1155 856 1252 931 546,
1273 859 1354 915 iuti-
1374 875 1375 956 p

243 946 328 1003 niani
348 944 387 1009 19
409 940 544 1005 nondum
564 944 683 1006 evoluto
715 942 821 1026 (qnod
838 948 940 1024 ipsum
956 944 1156 1022 scriptoribus
1177 944 1375 1023 impuniti

243 1026 385 1090 inchoata
396 1030 459 1089 iam
472 1027 578 1089 ludici.
593 1031 624 1093 9.
665 1032 698 1090 in
712 1049 773 1112 quo
786 1029 981 1097 vehementer
993 1026 1233 1090 hallucinantur
1245 1030 1300 1109 qui
1311 1036 1355 1083 eat
1374 1029 1375 1066 l

244 1134 377 1177 errorem
393 1116 483 1175 illum
498 1116 662 1175 lustinisno
681 1116 833 1191 tribuunt,
855 1126 908 1175 aut
929 1115 1025 1175 ullam
1047 1116 1178 1173 omnino
1204 1112 1356 1192 pasebstis

245 1195 434 1282 διαστροφήν
454 1198 595 1261 accidisse
616 1200 766 1276 scribunt,
787 1204 833 1261 uti
849 1198 1001 1261 Cedreuus
1017 1196 1239 1277 Theophanes
1254 1210 1286 1256 et
1300 1198 1356 1269 alii,

245 1289 300 1368 qui
311 1305 414 1346 seeum
426 1286 484 1365 ipsi
496 1287 651 1365 perspicue
664 1295 811 1365 pugnant.
833 1288 946 1346 etenim
957 1286 986 1345 si
1000 1302 1041 1343 ex
1053 1286 1260 1363 imperatoris
1271 1304 1357 1363 prae·

246 1369 603 1517 :liliniiliiil
615 1366 1358 1537 iitiiflimlwlilimiti}

586 1500 596 1531 i
1199 1499 1209 1528 2

246 1536 478 1622 cinomrnolpcu
500 1540 605 1622 ἑορτῆς
629 1541 794 1616 duntaxat,
825 1561 920 1623 quam
943 1541 1052 1618 vulgus
1075 1542 1265 1618 imperitum
1289 1556 1357 1597 cun

246 1624 517 1707 quartadecimanis
535 1638 638 1687 centn
656 1646 803 1687 monam
821 1629 930 1687 inierat
945 1624 1144 1688 tesaurus.
1187 1623 1257 1685 hoe
1276 1628 1357 1683 enin

249 1730 329 1771 anno
344 1712 445 1791 cyclus
458 1712 548 1771 iussae
560 1712 619 1771 fuit
635 1712 689 1789 15,
710 1714 813 1792 cyclm
824 1714 897 1774 solis
909 1712 1063 1772 Romanus
1074 1712 1135 1783 23,
1157 1709 1208 1769 lit.
1222 1708 1311 1769 den.
1322 1710 1356 1781 G,

250 1806 458 1857 concurrentes
471 1798 535 1856 sire
547 1808 669 1876 epactae
684 1799 757 1858 solis
770 1801 808 1874 7,
829 1798 1018 1857 novilunium
1027 1792 1174 1875 paschale
1188 1799 1233 1860 19
1247 1797 1355 1866 bistili,

247 1884 395 1941 terminus
408 1902 478 1941 varo
492 1878 555 1941 kal.
569 1885 662 1960 ΛΡΜ
683 1901 763 1962 quae
775 1902 846 1943 cum
858 1882 1100 1943 concurrentibus
1112 1878 1193 1939 dant
1206 1880 1322 1939 feriam
1330 1882 1356 1941 1.

248 1986 342 2047 quare
354 1966 576 2045 prorogandum
589 1978 709 2045 tempus
722 1987 765 2026 ex
777 1988 909 2044 canone,
933 1977 964 2027 et
977 1966 1089 2047 spritu
1103 1969 1125 2031 8
1140 1964 1264 2044 pantica
1278 1968 1355 2025 cele-

247 2050 414 2125 brandum,
438 2062 471 2111 ut
490 2054 578 2112 scirit
592 2054 788 2113 lastinianus.
829 2072 931 2115 rursus
946 2072 988 2111 ax
1001 2049 1110 2113 eodem
1121 2052 1264 2111 Maximi
1276 2072 1354 2113 cen·

248 2147 321 2217 puto
343 2138 488 2196 terminus
512 2140 567 2217 τῆς
589 2132 897 2219 superstitiosorum
918 2134 1014 2220 dylns
1035 2140 1188 2217 tumescis
1210 2139 1284 2197 sive
1305 2141 1355 2215 ”li

249 2214 479 2305 dnospeuolpou
497 2218 603 2305 ἑορτῆς
617 2224 772 2283 Februarii
786 2224 823 2299 4,
844 2243 922 2307 quae
938 2242 1009 2281 cum
1022 2227 1213 2304 spoudssaie
1229 2222 1355 2282 totidem

249 2316 280 2367 et
301 2307 542 2367 concurrentibus
563 2308 905 2383 nullisdatferiam13
927 2304 1112 2389 proindeque
1134 2304 1354 2367 diffundendus

250 2391 315 2453 dies
330 2395 363 2451 in
379 2393 577 2458 snebruartt.
619 2414 689 2453 cnm
708 2397 801 2473 igittu
818 2396 948 2476 populus
962 2404 1033 2453 ante
1045 2393 1222 2471 legitimum
1235 2405 1354 2472 tempus

248 2481 283 2539 in
309 2481 438 2559 ipsomet
462 2482 590 2539 termino
615 2481 766 2539 ieiunium
792 2482 857 2542 sive
885 2476 1147 2563 quadragesimam
1174 2478 1227 2536 vel
1255 2482 1356 2558 potim

246 2558 524 2643 πεντηκονταεκτήν
547 2562 717 2651 inchoasset
738 2566 826 2625 Febr.
846 2562 885 2641 4,
916 2564 1118 2625 celebraturus
1143 2560 1266 2641 pascbs
1295 2562 1355 2621 kal.

250 2650 379 2727 Aprilis,
410 2650 592 2709 lmtinisnns
611 2648 709 2709 edixit
727 2670 765 2709 ne
786 2662 856 2709 ante
876 2651 897 2713 8
914 2650 1029 2729 Aprilis
1048 2658 1203 2728 agereusr.
1252 2652 1354 2729 itaque

249 2731 473 2793 hebdomadem
494 2753 587 2793 unam
610 2731 651 2793 ad
671 2738 691 2799 8
716 2737 855 2796 solennes
878 2734 1013 2809 addidit3
1044 2752 1105 2816 qua
1126 2734 1356 2812 religiosissima

251 2817 337 2898 plebs
351 2820 566 2897 interrumpere
581 2820 728 2879 ieiunium
739 2821 836 2881 noluit
848 2832 878 2881 et
888 2821 1005 2881 oblatas
1016 2838 1121 2879 carnes
1133 2823 1267 2899 respuis.
1308 2841 1356 2877 ee-

250 2914 350 2963 terum
372 2904 406 2963 in
426 2900 516 2965 huius
534 2905 735 2984 explicatione
750 2908 810 2965 loci
824 2906 948 2967 mirifice
961 2905 1079 2965 aberrat
1092 2902 1246 2983 Iosephus
1257 2906 1355 2965 Scali-

251 3009 305 3069 ger
334 2988 376 3069 (1.
397 2987 417 3052 4
440 2986 478 3047 de
497 2987 658 3049 Emendat.
677 2990 827 3071 Temp.),
859 3010 930 3051 cum
949 2986 1032 3072 apud
1051 2988 1227 3049 Gedreuusn
1245 3011 1306 3071 pro
1319 2998 1354 3064 Δ,

250 3074 309 3136 hoc
324 3085 369 3135 est
384 3074 584 3152 4Febrnarii,
608 3080 668 3150 ΙΛ,
689 3073 749 3137 hoc
767 3086 813 3136 est
835 3075 891 3153 14,
912 3076 1064 3151 rescribit,
1085 3085 1115 3134 et
1134 3076 1176 3138 58
1192 3072 1263 3135 dies
1279 3078 1354 3133 ieiu-

250 3180 339 3220 nasse
355 3162 502 3239 populum
516 3172 606 3243 atque
621 3162 658 3220 ab
672 3182 728 3222 esu
741 3164 877 3221 carnium
891 3162 1069 3221 abstinuisse
1085 3160 1213 3236 scribit,
1234 3182 1307 3220 eum
1316 3178 1352 3218 ex

250 3244 465 3305 consuetudine
489 3246 531 3311 46
554 3257 673 3307 tantum
694 3246 759 3307 dies
783 3248 896 3307 ieiunio
919 3249 980 3306 siut
998 3246 1142 3305 attributi.
1184 3265 1297 3307 verum
1315 3263 1351 3303 ex

250 3331 378 3389 Maximi
394 3341 551 3410 computo,
573 3351 666 3412 quem
678 3334 744 3413 ipse
758 3335 791 3391 in
808 3334 922 3391 calcem
938 3332 1009 3391 libri
1025 3334 1074 3391 sui
1087 3332 1235 3408 coniecit,
1256 3332 1351 3391 mani-

250 3415 327 3475 feste
341 3418 534 3475 convincitur.
557 3419 711 3477 Maximus
725 3420 807 3477 enim
818 3416 859 3477 ad
873 3414 1038 3478 eruendam
1050 3411 1109 3496 sris
1119 3409 1350 3497 incussimus

251 3494 361 3582 ἑορτήν
381 3498 519 3581 indagari
539 3505 636 3581 primo
659 3503 744 3563 iubet
763 3503 863 3585 cyclos
881 3504 954 3563 solis
968 3522 1004 3561 ac
1018 3502 1110 3561 lunae
1127 3521 1171 3561 ex
1183 3502 1289 3561 lunari
1300 3522 1350 3581 pa-

251 3584 354 3663 riodo‚
375 3596 440 3645 tum
467 3598 685 3649 concurrentes.
727 3588 786 3649 hse
810 3608 879 3648 cum
901 3592 1101 3670 προσθεταῖς,
1122 3588 1149 3645 si
1170 3588 1258 3647 ullae
1278 3596 1349 3661 snut,

252 3673 488 3833 temti
501 3670 732 3819 initam
746 3670 1351 3841 titintuutnnnut·

160 3908 164 3923 ,
251 3852 286 3903 ut
298 3845 331 3901 in
344 3841 486 3923 paschate
498 3842 562 3903 fieri
575 3846 662 3907 solet.
683 3844 871 3907 additurum
885 3848 1052 3927 ψηφισμαῦ
1063 3845 1098 3903 in
1109 3861 1138 3901 a.
1152 3844 1291 3905 Heraclii
1303 3848 1348 3917 31,

252 3930 307 4010 qui
326 3940 371 3989 est
390 3927 500 3989 elisisti
515 3930 589 3995 641.

337 4016 402 4073 Hoc
416 4024 448 4073 ut
458 4016 577 4095 planius
589 4016 760 4096 intelligas,
781 4016 856 4076 scito
868 4016 999 4075 Graecos
1011 4009 1265 4096 quadragesimae
1279 4014 1348 4071 ieiu-

251 4098 337 4156 nium
361 4118 378 4157 a
403 4098 570 4176 dominica,
600 4122 692 4183 quarn
716 4122 771 4161 nos
790 4103 998 4180 sexagesimae
1021 4100 1115 4178 vulgo
1138 4096 1287 4173 diurnus,
1305 4101 1349 4155 in·

251 4178 360 4245 choare
382 4186 508 4263 solitos3
540 4186 623 4268 quod
647 4184 772 4271 quidem
792 4207 834 4249 ex
854 4188 984 4250 Maximi
1006 4194 1147 4269 computo
1171 4184 1348 4265 wffiglm»
