2792 4709
233 216 305 290 ros
663 218 892 317 nu-osncu
947 249 950 255 -

228 397 309 446 sunt.
355 382 509 446 descendit
520 404 630 468 nempe
642 386 679 445 ab
694 388 791 462 altari,
813 386 865 445 ubi
878 404 961 445 sacra
976 384 1103 466 peragit,
1121 384 1154 443 in
1168 384 1328 465 presbyte-

227 476 317 545 rium,
339 484 373 530 ut
386 474 557 551 principum
574 482 604 531 et
618 472 753 531 fideliam
770 474 935 532 oblationes
952 473 1105 551 suscipiat,
1126 472 1177 529 vel
1192 481 1228 528 nt
1243 490 1326 527 oom-

227 558 359 615 mannen
370 560 487 638 eosqui
503 560 618 615 suntin
631 560 834 638 presbyterio,
856 574 966 636 nempe
981 554 1166 631 sacerdotes,
1189 556 1326 627 clericos,

226 652 318 723 atqua
331 640 407 702 adeo
419 643 566 723 populum
580 645 698 722 ipsum,
730 641 813 723 quod
827 641 936 702 diserte
950 644 993 701 ibi
1007 641 1124 699 dicitur.
1166 658 1240 698 nam
1255 641 1327 698 licet

225 746 270 786 ex
283 728 409 787 concilio
422 729 571 788 Toletano
586 746 623 787 iv
635 748 742 787 canon.
761 731 800 792 18
825 728 962 787 mesraim
983 738 1011 785 et
1028 727 1119 787 lenita
1140 738 1212 783 ante
1227 725 1328 783 clears

226 815 457 885 communicati,
477 817 511 871 in
525 813 615 871 choro
627 814 738 883 εἶιναι,
759 824 843 872 estro
857 814 979 873 chorum
988 811 1136 890 populus,
1151 820 1267 869 certum
1280 821 1327 868 est

222 894 281 955 hac
303 902 334 955 in
356 919 388 955 re
410 901 509 958 varios
531 900 625 957 fuisse
640 900 834 957 ecclesiarum
850 902 938 957 ritus:
964 901 1075 979 quippe
1095 897 1169 955 olim
1190 897 1277 954 laicis
1297 905 1327 952 et

222 984 346 1041 feminis
361 980 401 1041 ad
415 983 697 1042 communicandum
713 995 836 1065 patuere
854 994 955 1042 sancta
971 994 1156 1055 sauctorum,
1187 991 1221 1038 ut
1234 983 1326 1038 estin

224 1070 352 1127 concilio
363 1070 535 1128 Turonensi
549 1089 574 1127 ιι
587 1079 618 1127 et
629 1071 725 1149 Cepit.
741 1070 839 1128 Caroli
846 1071 950 1147 Magni
966 1073 985 1133 7
1006 1070 1078 1133 203.
1102 1064 1156 1125 sed
1168 1074 1203 1124 ut
1217 1084 1325 1123 verum

223 1154 331 1227 fatear,
353 1156 454 1213 nescio
467 1172 506 1212 sn
521 1152 569 1213 bis
584 1156 668 1227 locis,
691 1158 724 1213 iu
739 1154 843 1213 ordine
857 1157 1014 1227 Romano,
1043 1152 1227 1209 eenanrusm
1240 1148 1327 1209 idem

225 1240 264 1297 slt
280 1242 403 1297 omuino
423 1238 507 1319 quod
520 1238 749 1320 presbyterum.
796 1237 952 1297 dubitandi
966 1256 1088 1297 causam
1100 1246 1218 1310 movet,
1240 1233 1325 1316 quod

223 1326 256 1381 in
277 1344 313 1383 eo
333 1324 417 1382 iosus
431 1328 609 1402 princepum
629 1326 723 1385 farine
735 1324 859 1383 dicitur:
875 1324 1015 1403 potensest
1028 1333 1129 1381 cutem
1140 1332 1325 1379 ιιιιιιιιιαιιιε

223 1408 297 1466 leuse
315 1410 386 1467 inde
406 1409 511 1467 &xtra
531 1410 678 1490 laevaque
702 1432 723 1467 a
733 1412 904 1488 primicerio
916 1410 1101 1467 notariorum
1114 1407 1265 1465 descendit
1282 1407 1327 1464 ad

223 1497 418 1566 censurium,
450 1495 535 1575 qswd
554 1506 598 1552 est
616 1496 699 1554 loom
716 1497 905 1573 prircipum,
938 1505 972 1552 nt
991 1496 1137 1571 suscipiat
1157 1492 1326 1551 oblaticms

223 1598 336 1637 eornm.
381 1590 413 1637 et
427 1582 522 1638 iuli-a:
538 1582 679 1660 pontufex
692 1581 842 1639 ducendi!
856 1580 900 1638 ad
914 1581 1108 1649 senous-inm,
1125 1611 1165 1623 -
1183 1588 1214 1635 st
1225 1580 1324 1635 mci-

220 1665 270 1743 pte
288 1664 453 1723 oblationes
467 1668 645 1745 principum
664 1686 721 1743 per
739 1666 857 1723 ordines
879 1685 1017 1723 amntem.
1062 1661 1214 1743 siquidem
1239 1666 1325 1721 enim

223 1753 407 1808 senatorium
420 1751 504 1811 locus
516 1752 576 1810 fuit
589 1754 622 1809 in
636 1770 697 1832 quo
712 1751 911 1810 consistebant
921 1752 1071 1829 principes
1087 1769 1141 1808 seu
1154 1758 1324 1826 magnates,

221 1832 296 1893 dum
310 1854 412 1893 sacrae
424 1839 587 1895 intererant
598 1838 754 1915 liturgiae,
786 1834 869 1894 idern
882 1836 934 1893 ills
946 1836 1023 1893 forte
1035 1836 1125 1892 fuerit
1143 1854 1213 1891 cum
1226 1834 1321 1909 soles,

220 1918 261 1977 de
275 1938 334 2000 qua
349 1940 492 1999 agemus,
522 1942 576 1980 seu
595 1924 769 2000 pavimento
791 1920 908 1979 editiori
927 1930 997 1978 ante
1018 1921 1166 1978 caucellos
1180 1920 1321 1995 bematis,

220 2006 263 2063 ita
277 2007 454 2085 appellatus,
475 2005 557 2087 quod
572 2008 616 2065 ibi
628 2017 777 2067 senatores
790 2026 843 2065 seu
852 2008 1007 2083 principes
1022 2008 1225 2063 consisterent.
1247 2022 1321 2061 narn
1382 2064 1383 2095 ᾖ

218 2090 411 2149 observatum
434 2112 524 2169 snpra
544 2090 583 2151 ad
605 2110 705 2151 sacros
724 2091 872 2149 cancellos
886 2094 1067 2169 assignatam
1081 2092 1173 2148 fuisse
1186 2092 1321 2169 impera-

218 2176 333 2233 toribus
353 2179 385 2233 in
404 2177 531 2235 ecclesia
549 2174 654 2235 sedern
668 2177 706 2233 ab
723 2177 890 2237 Ambrosio.
935 2186 1083 2234 sensurae
1096 2185 1196 2234 autern
1211 2176 1321 2253 appel-

217 2260 294 2319 letos
319 2271 476 2338 magnates
495 2259 576 2339 apud
595 2264 753 2339 scriptores
775 2260 958 2320 Christianos
978 2272 1112 2335 veteres,
1141 2270 1247 2319 notum
1262 2271 1320 2318 est.

217 2343 343 2423 proinde
367 2349 399 2402 iu
418 2349 567 2405 senatorio
588 2346 728 2426 pontifex
751 2365 811 2405 uon
837 2344 927 2405 modo
950 2347 1130 2425 suscipiebat
1150 2345 1321 2405 oblationes

216 2434 402 2509 principum,
434 2430 490 2490 sed
510 2443 540 2491 et
559 2434 706 2512 populum
723 2430 836 2491 ibidem
857 2434 1104 2490 oommuuicabat.
1148 2430 1230 2489 idem
1242 2428 1321 2489 ordo

214 2516 386 2575 Romanus:
407 2537 476 2575 mos
488 2529 523 2575 nt
534 2519 672 2598 pontifex
685 2520 811 2597 coeperit
824 2519 1043 2575 communicare
1053 2516 1202 2595 populum
1219 2518 1251 2573 in
1269 2538 1320 2573 se-

216 2605 332 2659 natorio
347 2614 403 2661 etc.
446 2622 508 2683 quo
521 2615 600 2662 oerte
611 2606 688 2678 loco,
708 2624 817 2683 nempe
831 2612 899 2660 ante
914 2603 1015 2661 altaris
1027 2602 1184 2673 caucellos,
1206 2602 1319 2659 etiam-

109 2692 132 2743 Ρ
147 2688 199 2746 561
217 2705 292 2743 num
306 2685 478 2748 insedibus
493 2692 586 2747 sacris
597 2688 701 2748 fideles
717 2708 833 2748 sacram
850 2686 1060 2747 eucharistiam
1075 2689 1233 2766 accipiunt.
1260 2686 1320 2745 de-
1381 2708 1382 2757 ;

215 2772 309 2850 nique
320 2771 539 2850 presbyterium
554 2774 627 2831 aliisi
641 2785 766 2853 usurpat
780 2792 834 2853 pro
849 2774 916 2833 looo
936 2775 968 2831 lu
984 2792 1043 2853 quo
1059 2774 1225 2852 presbyteri
1239 2792 1318 2831 cou-
1381 2760 1382 2819 l

215 2858 339 2928 sistunt,
356 2856 523 2934 presbyteri
536 2859 569 2914 in
576 2858 758 2936 presbyterio
773 2878 873 2916 omnes
880 2869 1060 2937 pernranant
1071 2858 1220 2915 irwiinati.
1267 2860 1319 2917 ri-

178 2972 183 2977 ·
216 2939 286 2998 dest
296 2943 390 3018 igitur
402 2943 497 3001 lector
509 2951 609 3000 utram
625 2940 734 3001 harum
748 2946 984 3003 coniecturarum
1000 2943 1114 3023 probet.
1158 2944 1243 3023 βῆμα
1258 2962 1317 3001 au-

215 3036 278 3085 tem
299 3024 378 3085 banc
399 3025 482 3087 aedis
502 3046 604 3085 sacrae
624 3040 741 3107 partem
755 3030 942 3108 appellarunt
956 3038 1072 3088 veteres
1085 3029 1122 3086 ab
1136 3030 1202 3107 ipso
1216 3028 1315 3103 altari,

215 3115 265 3171 cai
276 3111 309 3170 id
321 3115 453 3173 nominis
465 3110 647 3188 indiderunt,
663 3113 754 3194 quod,
767 3124 802 3173 ut
815 3116 857 3172 ait
869 3116 1037 3174 Germanus
1049 3112 1217 3194 patriarcba
1230 3115 1314 3193 (ipo-

212 3198 342 3272 litanus,
363 3192 479 3279 θρόιις
494 3202 551 3274 sit,
581 3198 616 3261 ln
630 3191 713 3284 ᾧπερ
726 3198 745 3263 d
756 3196 963 3280 παμβασιλεύς
979 3196 1107 3277 Χρισιδς
1117 3193 1315 3281 προκάθηται

212 3279 362 3365 μετὰτῶν
378 3278 474 3345 sisoi
489 3278 672 3346 ἀποστόλων.
693 3304 766 3343 nam
779 3296 810 3343 et
823 3288 906 3365 βῆμα
920 3304 973 3362 pro
986 3284 1129 3343 tribunali
1141 3304 1202 3343 nou
1216 3286 1316 3344 semel

211 3368 350 3445 usurpari
365 3369 560 3427 observarunt
575 3371 634 3427 viri
648 3366 739 3427 docti.
783 3372 864 3429 aliia
882 3368 1040 3449 gradibus,
1062 3370 1171 3450 quibus
1183 3367 1222 3427 ad
1233 3368 1316 3429 illud

211 3451 397 3528 ascenditur,
427 3454 481 3511 alii
493 3452 624 3532 denique
640 3452 678 3511 ab
691 3455 793 3514 altaris
808 3454 966 3536 gradibus,
998 3454 1080 3535 quod
1092 3452 1200 3514 editius
1217 3456 1314 3515 fuisse
1380 3458 1381 3529 l

210 3536 290 3597 iufra
303 3537 510 3612 ostendemus,
532 3537 646 3597 dictum
659 3552 790 3599 censent.
834 3560 906 3599 uam
924 3551 954 3599 et
975 3538 1073 3611 banza,
1094 3547 1128 3597 ut
1146 3550 1250 3599 auctor
1268 3552 1315 3600 est
1380 3530 1381 3547 ¹

209 3626 397 3703 Augustinus
419 3634 521 3683 contra
542 3626 628 3703 epist.
650 3626 779 3685 Manetis
799 3646 826 3684 c.
848 3628 868 3691 8
889 3636 918 3685 et
939 3634 1042 3684 conus
1061 3625 1262 3688 Fatutum18
1282 3627 1313 3701 l,

209 3707 380 3767 Manichaei
400 3708 483 3767 diem
501 3710 612 3769 festum
632 3721 777 3769 vocarunt
799 3730 859 3793 quo
877 3712 987 3769 Manes·
998 3712 1113 3769 occisus
1128 3720 1191 3784 est,
1229 3709 1314 3791 quod

210 3796 344 3873 quinque
356 3794 498 3872 gradibus
511 3798 656 3854 instructo
669 3797 821 3871 tribunali,
844 3806 874 3855 et
885 3798 1023 3874 pretiosis
1040 3797 1142 3853 liuteis
1155 3794 1313 3869 edomata,

209 3881 298 3937 illum
312 3880 512 3953 celebrarent,
535 3878 616 3960 quod
635 3880 759 3961 quidem
779 3882 890 3940 festum
910 3878 1076 3940 aCatbaris
1096 3883 1143 3938 sui
1165 3886 1313 3961 temporis

210 3966 359 4025 ‚walnen
374 3965 559 4042 appellatum
574 3966 667 4025 fuisse
687 3967 789 4025 scribit
802 3964 951 4025 Ekbertus
964 3964 1196 4025 Schonavieusis
1211 3968 1312 4025 Serm.

212 4052 229 4112 1
252 4061 354 4109 contra
377 4046 532 4108 Catharos.
575 4070 644 4108 oum
667 4054 760 4130 igitur
785 4054 944 4131 praecipua
969 4053 1160 4110 veneratione
1183 4051 1313 4112 colenda
1379 4062 1380 4081 ³

209 4132 369 4195 baberetur
381 4153 465 4195 sacra
480 4133 555 4195 haec
570 4135 655 4196 aedis
667 4156 752 4215 pars,
780 4140 813 4195 in
826 4156 862 4195 ea
875 4133 1048 4195 exornanda
1063 4138 1233 4217 sumptibus
1247 4156 1311 4197 uon

209 4223 342 4300 pepercit
358 4224 556 4282 lastinianus:
586 4232 681 4282 totam
696 4224 777 4282 enim
793 4232 916 4304 argento
930 4220 1067 4281 obduxit.
1111 4226 1313 4306 Anonymus:
