2792 4709
366 194 618 263 DESCRIPTIO
644 196 677 263 S.
703 197 890 315 solman
1111 199 1180 271 101

76 364 219 435 Latinos,
254 362 386 419 qucos
407 362 550 420 nimirum
560 362 731 421 Gennanos
743 364 859 443 Anglcs
878 372 909 422 et
925 364 1018 440 alios,
1051 366 1083 421 in
1098 362 1181 424 hisce

76 448 286 505 occasionibus
302 449 380 505 inter
391 447 457 525 ipsa
469 465 552 505 sacra
566 449 677 507 urissae
691 450 827 508 solennia
842 466 948 527 regum
963 450 1111 527 capitibus
1128 471 1181 509 co-

77 552 147 589 moa
161 532 378 609 imponebatur
393 534 430 589 ab
445 530 676 612 archiepiscopis
691 543 743 591 aut
756 536 912 613 episcopis,
934 545 1023 593 atax
1034 536 1180 595 Anselmu

76 620 216 695 episcopo
237 618 270 674 in
287 619 374 695 epist.
397 616 436 674 ad
448 616 640 697 Ernulphum
652 621 799 696 priorem,
831 618 982 678 Eadmero
996 621 1018 678 l.
1031 617 1053 681 1
1068 622 1181 679 Histor.

75 706 228 759 Novomm
241 722 272 779 p.
288 703 367 777 105,
389 705 483 761 lucae
495 704 616 762 carnot.
632 706 718 781 epist.
733 706 791 777 66,
812 706 855 768 67
874 714 904 762 et
922 701 977 779 84,
1000 714 1030 761 et
1040 703 1180 765 baldrico

75 784 184 844 Chron.
200 789 355 845 camerac.
370 790 389 851 8
404 786 446 851 55
461 786 621 867 colligitur,
637 790 678 845 ita
690 787 771 868 apud
785 790 968 867 Byzantinos
981 808 998 846 a
1011 788 1181 868 patriarcha

72 875 106 929 in
118 870 194 930 aede
210 870 384 951 Sophiam,
412 866 461 935 ’ὅτε
482 868 648 953 δημοτελής
667 875 719 935 acl
735 868 849 954 μεγάλη
864 869 1005 955 ἐτύγχανε
1018 872 1180 956 δεσποτική

73 951 163 1035 ἑορτή
169 1004 177 1034 ,
201 956 424 1015 coronabantur
436 958 630 1037 imperatores
644 959 746 1039 aliqua
762 978 802 1015 ex
812 961 849 1017 iis
863 960 983 1019 corollis
999 978 1076 1039 quae
1088 980 1180 1039 supra

73 1062 188 1101 sacram
202 1061 345 1100 mensam
360 1040 542 1121 pendebant,
564 1062 642 1123 qnae
656 1053 776 1121 peraeta
790 1045 969 1103 solennitate
981 1046 1013 1102 in
1027 1064 1116 1103 suum
1128 1066 1179 1103 re·

73 1127 254 1185 mittebatur
261 1128 379 1201 lectam,
407 1137 442 1186 at
453 1128 589 1207 pluribus
603 1139 706 1187 narrat
719 1131 930 1188 Constantinus
945 1128 1179 1209 Porphyrogen·

72 1222 140 1270 neta
154 1212 212 1271 lib.
229 1211 270 1271 ds
284 1211 409 1270 Adminr
424 1216 532 1293 lmper.
552 1232 577 1271 o.
597 1215 655 1287 133
678 1216 763 1272 cuins
777 1216 852 1273 ritus
868 1216 1016 1293 originem
1030 1216 1179 1274 Constan-

73 1300 133 1354 tino
148 1300 269 1377 blegne
281 1296 433 1357 adscribit.
477 1318 576 1380 neque
599 1308 686 1356 extra
709 1301 781 1358 istas
801 1302 1000 1373 ceremonias,
1033 1320 1074 1360 ex
1095 1302 1178 1359 illius

72 1382 189 1459 edicto,
220 1384 270 1442 ias
286 1394 349 1441 erat
364 1386 536 1461 imperatori
554 1394 695 1442 coronam
710 1384 768 1442 sibi
781 1386 936 1463 imponere
948 1386 1000 1443 vel
1012 1395 1093 1444 certe
1106 1384 1180 1443 iude

71 1468 207 1542 anferre,
237 1467 317 1527 adeo
336 1479 371 1527 ut
391 1470 526 1527 Leonem
546 1470 729 1547 copronymi
751 1469 850 1527 lilium
867 1471 1072 1529 miserabilem
1093 1472 1175 1528 ritae

70 1556 188 1611 exitum
204 1574 246 1613 ex
260 1552 409 1613 eiusmodi
420 1556 525 1613 stanni
538 1556 773 1631 transgressione
787 1557 946 1614 mcarrisse
959 1553 1080 1613 tradant
1090 1554 1176 1613 idem

68 1636 370 1718 Porphyrogenneta,
392 1636 606 1718 Theophanes,
628 1637 791 1715 cedrenus,
814 1640 940 1719 Glycas,
954 1640 1129 1719 Sigebettus
1144 1650 1175 1699 et

68 1724 129 1781 alii.
174 1728 259 1783 inter
275 1722 331 1783 has
345 1734 447 1782 antem
461 1724 596 1798 corollas,
618 1742 694 1805 quae
710 1743 811 1783 sacrae
826 1742 950 1783 mensae
965 1726 1173 1801 imminebant,

68 1828 138 1887 prae
153 1812 267 1868 ceteris
281 1820 312 1868 et
324 1810 422 1888 operis
433 1810 583 1889 elegantia
600 1820 629 1867 at
640 1810 813 1889 lapillorum
828 1812 924 1889 pretio
939 1814 1098 1890 conspicua
1116 1810 1175 1869 fuit

67 1895 119 1951 illa
142 1914 241 1975 qnam
265 1915 282 1951 a
302 1896 495 1953 constantino
518 1898 629 1975 Magno
644 1893 814 1954 dedicatam
827 1897 935 1968 inisse,
964 1898 1175 1974 praeterPer·

67 1978 345 2059 phyrogennetam,
369 1982 460 2038 refert
472 1982 590 2039 Nicetes
605 1982 637 2037 in
650 1978 822 2039 Andmnieo
835 1982 992 2039 comneno
1002 1982 1025 2039 l.
1040 1984 1061 2043 2
1076 2000 1108 2038 ιι.
1121 1985 1172 2054 11,

67 2084 257 2145 quamquam
274 2064 308 2123 id
321 2075 544 2125 connoversum
559 2063 657 2125 video.
702 2069 814 2147 quippe
827 2068 965 2146 plerique
984 2084 1008 2131 a,
1019 2067 1173 2143 scriptori-

68 2152 124 2209 bus
137 2152 319 2230 Byzantinis
331 2150 477 2231 Sophiam
490 2171 531 2208 ex
541 2152 656 2210 lustina
667 2153 809 2229 Augusto
820 2150 955 2227 viduam,
977 2161 1007 2208 et
1024 2152 1173 2209 Constan-

69 2240 165 2295 tinam
180 2236 300 2295 Tiberii
314 2236 426 2311 liliam,
458 2238 594 2294 Mauricii
609 2240 737 2315 Augusti
751 2239 925 2315 coniugem,
955 2239 1014 2315 ipsi
1027 2238 1174 2295 Mauricio

69 2324 176 2400 magen
195 2324 286 2401 pretii
306 2340 447 2380 coronam
468 2321 611 2379 obtulisse
630 2332 769 2396 narrant,
798 2340 890 2402 quam
901 2323 954 2379 ille
968 2325 1000 2378 in
1013 2322 1172 2379 ecclesiam

68 2408 220 2487 perlatam
236 2407 295 2465 deo
311 2408 502 2465 consecravit.
546 2409 588 2464 ita
602 2403 824 2484 Theophanes,
845 2410 987 2476 zonam,
1009 2404 1172 2476 cedrenus,

69 2496 249 2552 Anastasius
263 2504 293 2551 et
304 2492 417 2550 Paulus
428 2492 578 2550 Diaconos
597 2489 637 2547 ad
653 2494 690 2553 19
709 2510 737 2548 a.
752 2491 898 2548 Mauricii.
923 2487 1007 2547 addit
1016 2499 1171 2568 praeterea

69 2578 226 2637 cedrenus
243 2596 384 2637 coronam
397 2578 542 2651 Heraclii,
572 2595 649 2657 qnae
667 2576 711 2637 70
724 2575 808 2635 libris
824 2586 869 2633 est
880 2576 1054 2649 aestimata,
1076 2573 1169 2631 afilia

69 2666 259 2723 Heracleona
273 2666 304 2721 in
318 2660 424 2721 aedem
439 2661 625 2743 Sophianam
639 2660 766 2736 illatam,
788 2661 842 2719 ubi
854 2660 931 2718 aliae
946 2668 1098 2738 praeterea
1113 2677 1170 2737 ap-

69 2768 183 2829 pensae
200 2758 283 2807 erant
299 2748 443 2823 corollae,
470 2758 504 2806 ut
514 2745 597 2807 idem
610 2748 730 2806 Nicetes
743 2744 836 2805 tradit
847 2746 879 2802 in
891 2746 1003 2803 Alexio
1018 2745 1040 2802 l.
1055 2743 1076 2807 3
1092 2762 1123 2802 ιι.
1137 2748 1169 2808 6.
1241 2744 1246 2751 “

69 2856 111 2893 ex
133 2836 245 2915 quibus
264 2835 456 2913 perspicuum
479 2833 512 2891 fit
532 2851 655 2892 coronas
681 2851 698 2890 a
718 2829 906 2912 principibus
924 2840 958 2889 et
977 2830 1169 2909 magnatibus

69 2922 194 3001 templis
218 2922 290 2980 olim
314 2918 428 2980 oblatas
450 2928 479 2977 at
496 2937 586 2999 supra
602 2936 719 2976 sacram
732 2936 870 2976 mensam
882 2934 1046 2996 appensas3
1078 2931 1170 2995 qoem

69 3026 188 3065 mamm
209 3005 355 3064 eLatinis
376 3007 500 3083 attigere
521 3013 640 3083 praeter
658 3005 850 3062 Anastasium
871 3003 1018 3059 Domnize
1045 2997 1088 3056 de
1102 2999 1172 3057 Vita

69 3088 227 3149 blatbildis
240 3092 406 3149 comitissae
422 3091 440 3151 1
463 3094 500 3166 2,
529 3098 634 3147 auctor
644 3088 809 3146 Relationia
829 3084 1207 3147 detbesaurocanuai-1²
1225 3094 1276 3147 556

68 3196 127 3234 nae
142 3176 298 3251 ecclesiae,
317 3178 380 3234 Leo
395 3176 522 3234 Ostiens.
536 3171 647 3232 (lhron.
660 3174 759 3231 Oasin.
773 3176 792 3236 3
807 3190 834 3229 c.
848 3172 915 3246 ult,
936 3172 1043 3229 Petms
1055 3169 1169 3226 Diaco-

69 3282 127 3321 nns
143 3260 281 3321 eiusdem
295 3258 434 3319 Chronioi
449 3258 470 3321 4
492 3260 543 3333 90,
566 3268 596 3317 et
609 3258 735 3337 epistola
748 3254 811 3320 315
824 3275 865 3315 ex
878 3258 915 3315 iis
928 3274 1006 3335 quae
1020 3250 1172 3311 habentur

70 3358 142 3405 tom.
158 3348 180 3411 4
198 3348 346 3405 Historiae
360 3346 552 3404 Francorum.
582 3340 828 3422 appendebantur
839 3351 940 3399 autem
953 3340 1169 3419 utplurimum

70 3434 199 3491 corollae
211 3434 287 3491 istae
302 3428 341 3488 ad
354 3430 480 3502 ciboria,
496 3425 577 3487 unde
589 3446 677 3507 supra
692 3446 808 3487 sacram
820 3444 958 3485 mensam
971 3424 1041 3483 illae
1051 3443 1169 3503 papan·
1188 3442 1192 3453 ¹

71 3516 148 3577 disse
163 3520 278 3597 possint
288 3516 428 3593 legimns.
449 3516 630 3573 ,Anastasius
644 3516 677 3570 in
688 3508 822 3574 hennei
835 3528 933 3592 papa:
956 3529 1028 3569 nam
1041 3520 1071 3565 et
1078 3529 1172 3586 anper

71 3602 214 3660 ciborium
229 3600 337 3661 obtulit
348 3620 473 3659 coronas
486 3609 628 3679 quattuor
637 3608 667 3655 et
681 3598 790 3657 calices
802 3598 927 3655 sedecim
939 3616 976 3653 ex
987 3614 1062 3652 auro
1076 3614 1168 3651 macn-

70 3690 201 3747 dissimo.
246 3686 400 3745 ilariulfus
415 3682 526 3743 chron.
539 3684 657 3743 centul
673 3688 711 3747 3:
733 3702 822 3761 anper
837 3682 895 3739 illa
909 3682 968 3738 ιιία
979 3678 1094 3737 alwio
1109 3678 1166 3735 lra-

69 3774 176 3831 bentur
189 3774 249 3830 trio
263 3770 375 3829 ciborio
393 3790 430 3829 es·
446 3779 571 3848 argento
595 3778 623 3825 et
638 3788 715 3825 oraro
724 3778 852 3846 pmia,
874 3768 907 3824 in
920 3763 1030 3847 quibus
1043 3774 1100 3821 tras
1114 3763 1168 3821 da-

67 3859 197 3937 pendent
210 3876 336 3916 ceroma
336 3900 349 3928 ,
370 3854 510 3935 singulae
526 3874 585 3933 per
604 3852 730 3933 singula
741 3872 776 3910 ex
787 3873 863 3912 auro
874 3854 1059 3931 gemmisque
1067 3870 1167 3925 parca-

70 3956 127 4014 toe‚
149 3964 221 4002 cum
234 3944 334 4001 aureis
347 3940 507 4005 nucicnls'a
519 3940 647 4021 aliisque
658 3938 783 3997 ιΙίνινιίι
791 3938 983 3996 ornamentis.
1029 3944 1059 3992 et
1070 3930 1166 3990 Chro-

69 4034 155 4087 nicon
166 4028 306 4088 deon.
321 4028 343 4087 l.
358 4029 393 4090 1:
423 4027 457 4085 in
469 4024 565 4083 madio
577 4022 687 4082 cnoro
695 4023 876 4102 pendentem
892 4038 1032 4080 coronam
1047 4036 1167 4074 aeream

71 4126 191 4196 urgento
201 4124 360 4194 paratum.
405 4104 553 4170 eiusmodi
571 4128 694 4169 coronas
712 4109 798 4167 altari
811 4110 1002 4167 imminentes
1014 4101 1167 4179 aponocu-

71 4212 129 4261 stus
150 4220 205 4263 seo
227 4197 484 4274 annuentem,
510 4204 539 4257 at
566 4214 661 4277 rogatu
684 4214 748 4255 nou
768 4196 863 4256 semel
885 4199 969 4253 vacat
991 4188 1166 4250 Anastasius
