2792 4709
243 292 250 301 ,
318 208 570 280 oncnnuo
595 210 630 281 s
654 210 847 281 sermm.
935 268 939 273 .
1057 212 1129 287 131

23 368 145 433 conclu
165 390 322 435 oonussns
342 372 451 435 odss'do
469 377 582 457 pariter
602 372 701 437 distm
723 378 850 457 legitur,
881 374 931 437 vel
944 386 1023 437 certa
1040 376 1129 441 sedes

23 462 93 539 ipss
116 459 298 541 episcopalis
322 472 374 520 ant
394 460 612 541 patriarchalis.
661 464 776 544 qnippe
796 465 829 521 in
857 464 951 524 veteri
975 464 1127 525 Glaesaria

22 544 137 602 chsffla
152 542 236 606 sedes
248 548 450 624 episcoponsrc
465 567 530 607 esse
545 546 669 624 dicium,
696 560 731 607 nt
746 557 776 607 et
788 545 869 627 apud
882 540 1023 628 Papiam,
1046 548 1128 631 apud

23 649 121 711 quem
134 626 389 692 bacchabantur:
421 634 528 691 exedra
545 632 667 703 absida,
689 633 726 693 id
741 644 784 691 est
800 632 884 691 loeus
906 632 1124 694 subselliorum.

23 734 128 793 neque
150 714 211 771 alia
232 714 353 775 videtur
372 716 587 794 significatione
607 738 767 799 usurpasse
788 719 822 778 S.
837 721 1021 797 Augustinus
1037 722 1126 799 epist.

23 801 108 863 225:
136 798 185 857 ud
203 812 305 859 nom
324 800 468 861 subsellio
484 803 591 861 relicta
603 802 693 862 trudo
707 804 855 863 redictum
868 836 912 849 -
924 802 1059 861 declam
1073 824 1127 883 ego

23 883 301 1048 111311ῗὲἔέ
322 886 1126 1050 husiiffdfflffiss'miidissmlffdffi

206 1012 214 1028 .
296 988 305 1027 ε
441 1030 443 1032 ,
550 996 577 1031 rs
792 995 830 1033 us
842 995 863 1032 a

23 1076 79 1112 nec
96 1054 260 1113 mrtedrae
279 1054 396 1116 velatos
409 1056 631 1118 urllsibebunuer
641 1060 687 1119 ad
699 996 909 1139 desedsrbnsm.
955 995 1125 1139 efqubus

21 1142 221 1218 perspicuum
237 1140 270 1199 fit
288 1161 341 1201 cnr
358 1140 492 1222 synodus
511 1142 696 1205 sardicensis
716 1164 783 1204 can.
805 1146 846 1208 10
868 1142 979 1203 dixerit
1002 1144 1045 1217 εἰς
1067 1139 1125 1223 τὴν

22 1223 129 1303 cipido
149 1228 207 1304 τῆς
225 1223 393 1306 ἐπισκοπῆς
413 1230 572 1309 διαβῆναι,
602 1249 658 1309 pro
671 1228 718 1287 ad
732 1229 928 1309 episscopalem
947 1228 1126 1307 dr'gnr'sotem

22 1310 75 1368 vel
89 1308 232 1369 thium
239 1313 410 1388 pervenire,
430 1334 500 1373 cum
517 1315 550 1372 in
567 1312 680 1373 obsidis
694 1334 749 1374 seu
765 1313 885 1375 conctis
900 1316 933 1371 in
949 1314 1125 1373 excelsiori-

21 1395 81 1454 bus
99 1394 253 1455 subselliis
272 1415 307 1455 ac
326 1395 457 1476 gradatis
476 1396 615 1457 sederent
630 1402 772 1479 episcopi.
816 1418 851 1458 ea
864 1410 965 1457 autern
978 1417 1040 1458 non
1053 1417 1126 1478 pre-

21 1482 111 1539 tiosis
131 1477 280 1539 duntaxat
292 1483 367 1542 velis
387 1492 418 1541 et
429 1485 542 1543 aulaeis
557 1484 751 1563 tegebantur,
783 1493 817 1543 ut
837 1496 883 1543 est
897 1482 978 1563 apud
994 1482 1127 1543 eundem

21 1568 245 1643 Angustinnm,
280 1566 336 1627 sed
364 1572 470 1628 ceteris
496 1573 588 1627 etiarn
609 1570 737 1629 aliorum
755 1570 898 1628 ecclesiae
918 1570 1123 1628 ministrorum

21 1650 149 1711 sedibus
164 1652 329 1711 excelsiora
345 1663 444 1729 eraut,
471 1656 517 1714 nti
526 1656 625 1713 innuit
637 1656 703 1714 loco
717 1656 804 1713 citato
820 1654 982 1728 Eusebius,
1006 1664 1035 1712 et
1049 1673 1123 1713 cau-

21 1748 91 1795 tum
105 1736 217 1814 legitur
229 1740 262 1795 in
276 1736 392 1817 synodo
408 1736 547 1819 Carthag.
562 1736 584 1801 4
599 1758 664 1798 can.
680 1740 721 1805 85
737 1750 772 1797 ut
788 1742 940 1817 epscopus
953 1740 987 1797 in
1001 1738 1125 1797 ecclesia
1166 1750 1168 1755 ’

22 1834 50 1879 et
70 1824 107 1878 iss
126 1841 266 1881 comesses
282 1822 521 1901 presbyterorum
540 1824 698 1883 sublimior
712 1824 822 1885 sedeat.
866 1821 949 1883 huuc
962 1842 1078 1882 rnorem
1090 1826 1125 1881 in

22 1908 160 1965 ecclesiis
175 1904 411 1967 Christianorum
430 1909 619 1968 observatum
639 1911 763 1988 attigere
784 1920 937 1988 praeterea
960 1910 1095 1967 Urbanus
1111 1926 1124 1964 1

21 1994 55 2050 in
74 1994 163 2071 epist.
182 2011 208 2049 c.
222 1989 259 2066 4,
288 1992 321 2051 S.
338 1994 514 2053 Ambrosius
534 1996 611 2053 libro
630 1992 832 2073 deDignitate
848 1990 1058 2067 Sacerdoti,
1087 1993 1122 2051 S.

20 2078 212 2155 Augustinus
224 2078 256 2134 in
268 2079 380 2138 Psalm.
395 2080 466 2153 126,
486 2081 658 2140 Amalarios
671 2078 709 2138 de
721 2080 795 2141 Reb.
811 2080 883 2138 eccl.
899 2078 920 2141 3
945 2081 993 2152 10,
1015 2087 1045 2135 et
1058 2080 1124 2136 Ho-

21 2165 126 2221 norius
139 2154 309 2239 Augustod.
330 2164 348 2225 1
374 2168 413 2227 ts
437 2175 467 2223 et
490 2167 540 2229 15.
571 2168 746 2244 praesentim
760 2184 830 2225 vero
847 2162 988 2240 cathedra
1006 2165 1125 2242 episco-

21 2249 102 2327 palis
117 2266 173 2305 seu
187 2246 393 2325 patriarchalis
413 2244 532 2327 θρόνον
545 2270 618 2309 vocs
632 2249 760 2309 donatur
772 2252 886 2329 passim
902 2247 982 2327 apud
995 2252 1124 2326 scripto-

22 2352 71 2391 res
83 2334 279 2411 Byzantinos.
311 2336 488 2412 Anonymus
506 2332 543 2393 de
557 2336 631 2393 iocis
647 2338 795 2396 Hierosol.
812 2354 838 2393 ο.
852 2338 882 2409 8,
904 2334 1123 2411 Hieropolymi-

22 2429 112 2476 tanae
126 2418 162 2477 S.
173 2418 304 2497 sepulcri
317 2420 460 2477 ecclesiae
475 2420 564 2478 hema
579 2417 766 2495 describens,
796 2419 859 2483 ἐκεῖ
877 2413 954 2480 eluas
971 2416 991 2480 o‘
1010 2411 1125 2498 θρόνος

21 2508 80 2565 τοῦ
93 2498 289 2583 πατριάρχου.
331 2514 421 2584 atque
441 2502 513 2564 inde
534 2506 647 2562 factum
668 2515 713 2563 est
731 2514 765 2563 ut
779 2524 796 2563 a
811 2500 936 2577 throno,
970 2500 1123 2579 dignitatis

22 2607 144 2647 summo
159 2588 295 2667 fastigio,
324 2589 467 2648 ecclesiae
485 2590 751 2669 compellarentur,
780 2599 811 2649 et
831 2586 931 2645 throni
945 2585 1123 2662 dicerentur,

22 2674 135 2755 quibus
147 2671 333 2752 patriarchae
351 2684 382 2734 et
395 2677 527 2754 episcopi
541 2672 769 2754 praesidebant,
792 2669 1048 2756 quamadmodum
1060 2673 1124 2730 hs-

20 2761 94 2817 tiais
106 2761 190 2817 sedes
203 2759 347 2839 appellari
361 2770 588 2829 consueverunt.
616 2762 679 2818 iarn
691 2779 761 2819 vero
778 2778 847 2818 oum
862 2754 992 2817 conchae
1004 2754 1123 2815 medias

21 2863 158 2903 recessus
177 2845 257 2902 imus
274 2844 423 2903 subselliis
442 2846 480 2903 ah
497 2856 623 2925 utraque
643 2856 728 2925 parte
747 2854 777 2903 et
796 2840 930 2924 undiquc
946 2845 1124 2921 cingeretur,

21 2928 125 2988 throni
139 2926 377 3007 patriarcharum
393 2940 423 2988 et
437 2932 659 3011 episcoporum,
687 2950 764 3012 quos
779 2921 984 3009 μυστιπόλονς
997 2922 1125 3001 θώκους

22 3035 78 3074 seu
92 3011 294 3073 sacerdotales
306 3013 489 3081 sedesvocat
503 3017 702 3090 silentiarius,
725 3014 764 3073 ad
782 3013 921 3073 dextram
935 3013 1036 3071 altaris
1050 3030 1123 3090 par-

23 3110 88 3158 tem
104 3095 247 3157 videntur
266 3102 425 3161 exstitisse.
468 3102 614 3180 Scylitzes
632 3102 666 3158 in
683 3102 855 3160 Stratiotico
877 3096 914 3155 de
935 3093 1122 3175 patriarcba:

22 3179 211 3247 κατελθόντα
225 3179 282 3267 rip
296 3185 412 3248 1κεῑνον
429 3179 547 3261 εὐθέως
559 3186 593 3249 oi
603 3178 735 3248 sissimus
747 3188 803 3247 sori
819 3176 960 3263 πλήθους
978 3185 1124 3261 παρειλη-

23 3266 130 3350 φότες,
161 3267 215 3333 eat
232 3264 351 3352 θρόνον
371 3265 558 3351 ἐνεγκόντες,
589 3268 639 3335 ἐπὶ
654 3273 710 3333 τοῦ
725 3270 827 3345 δεξιοῦ
839 3264 949 3349 μέρους
961 3268 1123 3340 καθίζουσι

22 3360 79 3418 τοῦ
99 3352 192 3437 oiylov
211 3350 357 3435 βήματος.
397 3354 431 3413 id
453 3358 545 3415 etiam
568 3354 682 3413 iudicat
706 3352 778 3415 ordo
800 3357 968 3414 Romanus:
1002 3350 1123 3409 tandem

25 3444 181 3520 episeopus
192 3439 346 3497 osculatur
359 3440 551 3521 evangelistas
570 3450 599 3497 et
616 3439 726 3511 abore,
758 3451 786 3497 et
801 3441 907 3517 perges
927 3436 1123 3497 aduexerant

23 3527 133 3583 attasi·
144 3524 190 3582 au
201 3524 299 3583 sedem
310 3546 408 3583 suam.
452 3524 486 3583 id
502 3526 658 3585 observare
675 3536 721 3583 est
733 3535 885 3604 praeterea
897 3542 937 3581 ex
947 3522 1123 3581 Marcellino

24 3613 160 3685 Comite,
189 3606 262 3669 dum
283 3622 383 3669 narrat
398 3612 542 3669 Ioannem
557 3612 728 3669 Romanum
741 3609 927 3689 pontificem,
957 3626 1026 3665 cum
1044 3624 1123 3665 armo

24 3696 87 3759 525
103 3694 223 3775 cpolim
235 3698 437 3775 pervenisset,
466 3698 542 3754 mero
554 3695 663 3753 bonore
676 3714 694 3753 a
707 3697 820 3753 Iustino
835 3696 1013 3772 imperatore
1030 3710 1123 3749 exce·
1138 3690 1162 3744 P
1178 3688 1231 3747 679

22 3867 142 3925 (Ιοιινίηἰ
158 3868 254 3924 metri·
273 3868 494 3924 resurrectiones
511 3866 607 3944 plena
627 3884 697 3923 voce
716 3864 865 3923 Romanis
880 3860 1024 3942 precibus
1046 3860 1124 3920 cels-

24 3951 138 4011 brnsse.
194 3951 303 4031 quibus
323 3950 423 4009 verbis
441 3952 540 4009 innuit
557 3950 751 4008 Marcellinus
768 3951 912 4009 Ioannem
933 3950 966 4006 in
984 3956 1130 4012 consessu

22 4032 228 4114 patriarcham
242 4038 290 4094 cl>
303 4037 515 4115 praecessisse,
541 4034 715 4115 sedisseque
736 4032 776 4095 ad
797 4035 879 4093 illius
899 4032 1047 4091 dextram.
1092 4038 1124 4088 at

23 4124 141 4181 Goarus
159 4123 194 4179 in
212 4120 313 4179 medio
332 4131 362 4181 et
380 4122 488 4179 intimo
507 4118 638 4181 conchae
657 4139 777 4179 recessu
796 4114 1024 4199 patriarchicum
1037 4112 1123 4175 thro-

22 3793 111 3861 ptum
123 3780 234 3855 fnisse,
262 3790 293 3839 et
307 3780 443 3839 dextrum
457 3780 557 3838 dexte-0
573 3779 713 3839 ecclesiae
727 3780 867 3838 insedisse
879 3778 967 3851 solio,
988 3776 1124 3856 diemque

1385 3944 1386 4001 l

1385 4021 1386 4067 l

23 4226 98 4268 num
112 4207 235 4285 statuit,
264 4224 356 4289 quern
373 4206 565 4267 circumstant
586 4202 750 4267 hincinde
770 4206 978 4287 episcoportun
1000 4202 1050 4263 vet
1070 4201 1123 4282 qui
1385 4200 1386 4261 ᾗ
