2792 4709
360 254 612 331 DESCRIPTIO
637 264 672 332 S.
696 266 887 340 sorfflsn
1118 282 1168 355 67

64 412 211 501 τρττίρχης
226 423 294 485 ΚΠ
302 414 455 527 ξδτιίχιος
469 422 542 507 perol
552 431 720 534 τῇςλετῆς,
741 432 950 519 συμπαρόντος
966 440 1018 506 καί
1038 450 1094 509 τοῦ
1110 448 1168 528 βα·

65 504 188 580 τελέως,
217 510 420 589 καθεζομένας
444 509 478 575 έν
502 516 547 597 τῷ
566 537 691 621 ορηματι
710 519 763 581 ναί
787 529 894 605 φορῶν
914 523 948 589 τδ
969 522 1168 599 αποστολιιιδν

66 593 170 669 σχῆμα
187 589 240 653 sul
260 598 380 675 κρατῶν
391 590 431 657 εδ
450 591 538 679 δίνεον
560 600 748 683 ευαγνέλιον,
775 602 899 671 πάντων
913 616 975 674 τοῖν
991 618 1073 677 iocis
1084 624 1167 695 ψαλ-

65 670 182 737 λόντων
201 672 236 740 εδ
258 675 350 759 ἄρατε
369 674 483 759 πύλας,
505 679 664 765 ἄρχοντες,
684 686 784 769 τίμιον.
825 696 888 753 iam
900 716 972 757 rero
985 698 1068 778 quod
1082 703 1167 764 oddit

63 762 245 839 Anonymus
257 783 311 822 seu
323 762 472 843 cedinus,
494 772 704 831 encaeniorum
718 776 921 839 celebritatem
937 781 977 841 ad
989 786 1055 863 ipsa
1068 808 1166 868 usque

62 842 336 924 Theophaniomm
357 849 435 909 festu
454 852 648 932 productam,
670 860 820 941 siquidem
842 862 880 924 de
900 868 1039 929 secundis
1056 892 1166 933 suoue-

63 932 233 1083 niis4egit‚
266 931 301 994 id
324 932 444 996 ridetru
469 941 583 1018 pariter
610 940 724 1005 dixisse
747 947 935 1014 silentiarius
952 954 987 1013 in
1007 957 1165 1020 Prooemio

62 1034 93 1077 r.
111 1021 131 1083 7
164 1034 175 1076 τ

230 1098 297 1165 έπελ
309 1098 368 1185 ylio
380 1096 453 1188 ἦγες
463 1102 521 1188 τήν
534 1106 659 1193 έορτήν,
681 1112 722 1189 τίς
740 1115 810 1194 ἔδει,

231 1182 312 1261 δέπας
327 1186 468 1270 δδῆμος,
490 1190 618 1279 ον’θδςὴ
650 1204 781 1281 ερουσία,

233 1272 268 1337 ολ
277 1268 331 1337 τού
345 1274 437 1353 μέσον
452 1280 609 1358 ζηλοῦντες
623 1290 747 1367 ασφαλῆ
760 1290 839 1369 βίον,

230 1353 285 1431 scic
297 1362 352 1440 τῆς
366 1358 470 1442 ἑορτῆς
483 1362 598 1448 ἡμέρας
610 1366 765 1455 έπεξιὶγειν

230 1438 343 1528 ᾔτουν·
363 1454 508 1528 παρεῖχες.
553 1451 732 1534 ἐξέδραμον,
753 1452 850 1543 ᾔτουν
862 1451 965 1537 πάλιν,

229 1520 323 1591 πιίλιν
334 1537 479 1613 παρεῖχες.
520 1537 655 1601 τοῦτοδὲ
668 1542 752 1623 δροῑυ
762 1539 907 1620 πολλάκις

230 1611 412 1690 έπεξέτεινας
425 1613 482 1698 τήν
496 1616 604 1704 έορτὴν
615 1629 776 1701 πλουσίως.

148 1716 182 1777 7.
225 1715 306 1775 Tam
326 1718 471 1797 elegantis
488 1722 686 1806 stupendique
699 1728 807 1807 templi
824 1724 978 1789 architecti
991 1750 1165 1795 memoran-

63 1807 113 1857 tur
124 1800 317 1877 potissimum
330 1800 406 1878 duo,
428 1806 507 1865 inter
521 1818 567 1867 tot
579 1829 655 1889 quos
670 1832 710 1870 ex
722 1816 862 1874 universo
877 1834 956 1893 pauo
970 1818 1041 1875 orbe
1054 1838 1165 1898 coege-

62 1893 111 1941 rat
129 1886 329 1963 Iustiniauus,
350 1887 531 1951 Anthemius
555 1896 669 1955 scilicet
690 1898 866 1960 Trallianus
882 1910 912 1957 et
925 1899 1057 1962 Isidorus
1071 1905 1163 1963 Mile-

62 1969 144 2044 sius,
175 1980 300 2051 uterque
323 1976 394 2033 artis
415 1974 608 2039 mechanicae
627 1984 837 2061 peritissimus.
880 1983 919 2043 de
935 1984 1098 2049 Anthemio
1119 1991 1164 2050 sio

61 2054 178 2115 Paulus
192 2056 380 2119 silentiarius
396 2071 473 2140 part.
490 2065 508 2125 1
524 2084 554 2123 r.
570 2060 645 2129 134:

560 2163 754 2249 ἐπευφήμησε
769 2167 803 2233 δέ
814 2168 921 2253 τέχνην

227 2241 280 2306 παὶ
297 2239 372 2309 νόου
386 2240 559 2330 Ἀνθεμίοιο
574 2253 758 2334 κεκασμένον
771 2255 901 2337 ἔμφρονι
915 2258 1023 2342 βουλῇ.

226 2335 328 2405 κεῖνος
344 2326 422 2417 σίνήρ
437 2330 474 2396 τοὶ
488 2339 592 2414 πρῶτα
607 2341 746 2417 θεμείλια
758 2341 873 2422 πήξατο
886 2346 976 2421 νηοῦ,

227 2404 406 2496 εδκαμιίτων
424 2420 571 2503 βουλῇσιν
584 2419 790 2505 δποδρήσσων
802 2420 967 2507 βασιλήων,

58 2514 111 2572 oui
126 2514 255 2574 succinit
267 2518 429 2597 Procopius
444 2518 481 2579 de
495 2520 596 2581 sedit.
613 2526 631 2587 1
656 2529 691 2588 1:
714 2522 787 2599 τούς
798 2528 931 2606 τεχνίτας
945 2526 979 2589 έιτ
994 2517 1094 2604 πάσης
1105 2528 1163 2607 γῆς

57 2594 182 2681 ἤγειρεν
196 2594 344 2677 ἅπαντας·
364 2600 525 2687 Ἀνθέμιος
537 2606 570 2669 δὲ
582 2605 764 2689 Τραλλιανδς
774 2609 825 2674 tut
837 2614 931 2697 σοφίᾳ
942 2616 981 2698 τῇ
991 2610 1162 2697 καλουμένῃ

57 2689 216 2771 μηχανικῇ
234 2684 429 2768 λογιώτατος,
458 2684 497 2754 ori
515 2696 575 2754 τῶν
597 2688 666 2755 κατ’
686 2690 780 2759 αδτδν
801 2690 895 2778 μδνον
917 2694 1062 2759 ἁπάντων
1086 2690 1161 2759 itti

56 2768 111 2833 καί
141 2774 204 2832 τοῖν
229 2766 325 2835 cairo&
349 2778 613 2858 προγεγενημένων
641 2782 758 2865 πολλῷ,
789 2784 829 2867 τῇ
850 2781 995 2864 βασιλέως
1015 2776 1162 2863 δποδργει

57 2857 199 2941 σπουδῇ,
220 2863 283 2930 τοῖς
297 2860 537 2941 τεκταινομένοις
553 2858 590 2925 τοί
607 2862 677 2947 ἔργα
696 2866 867 2946 ῥυθμίζων,
894 2871 957 2930 τοῖν
980 2886 1012 2929 ιε
1032 2886 1161 2948 γενησο-

54 2940 161 3021 μένων
181 2940 446 3020 προδιασκευιίζων
465 2942 640 3027 ἰνδάλματα.
682 2948 720 3010 δα
732 2948 896 3013 Anthemio
914 2956 1006 3011 etiam
1023 2952 1160 3032 pluribus

55 3029 123 3105 egit
142 3025 289 3104 Agathino
311 3030 365 3090 lib.
380 3031 416 3105 6,
439 3040 469 3091 et
487 3042 520 3091 ut
541 3052 603 3092 non
621 3033 712 3094 modo
729 3038 762 3094 iu
780 3034 855 3096 aede
871 3037 1027 3096 condenda
1042 3040 1161 3116 proeci-

53 3131 138 3191 puus
156 3107 277 3173 habitus
296 3117 351 3191 sit,
373 3114 428 3176 sed
442 3125 471 3176 et
486 3119 566 3176 utin
582 3128 644 3178 arte
656 3139 747 3200 quam
759 3120 968 3180 mechanicam
981 3132 1089 3182 vocant
1102 3142 1160 3180 ex-

54 3196 214 3272 celluerit,
245 3201 288 3257 ita
306 3212 341 3259 ut
364 3212 395 3260 et
414 3212 509 3261 terrae
529 3214 628 3263 motus
650 3206 801 3265 naturales
822 3217 852 3265 et
871 3207 992 3286 fulgura
1010 3210 1076 3287 ipsa
1097 3218 1159 3265 orto

53 3282 236 3341 imitaretur.
278 3283 359 3344 unde
378 3286 455 3345 forte
476 3285 574 3346 eidem
592 3290 764 3350 silentiario
780 3294 899 3370 portes
922 3312 950 3351 v.
965 3292 1029 3359 235
1050 3285 1159 3354 ’Λυδέ-

54 3390 128 3448 μιος
148 3361 364 3449 πολυμήχανος
383 3370 500 3431 dicitur.
541 3393 641 3457 neque
664 3376 741 3436 alius
763 3387 808 3434 est
831 3378 869 3436 ab
887 3398 923 3439 eo
942 3380 995 3458 qui
1010 3397 1027 3436 a
1043 3376 1158 3437 eodiuo

52 3453 192 3536 μαλστωρ
211 3451 374 3535 μηχανικός
396 3458 573 3537 appellatur.
618 3458 655 3519 de
676 3458 791 3521 Isidoro
808 3481 880 3522 vero
896 3460 980 3521 idem
994 3464 1158 3543 Procopius

53 3540 100 3597 sic
116 3540 176 3596 ait:
197 3536 250 3600 καλ
266 3540 469 3623 μηχανοποιὸς
485 3538 543 3605 στίν
560 3536 642 3631 αιίτῷ
658 3544 771 3628 ἕτερος,
790 3539 938 3629 Ἰσίδωρος
953 3543 1067 3629 ὄνομα,
1089 3552 1158 3609 Μι·

52 3616 164 3701 ληόιος
174 3619 208 3686 τδ
222 3624 317 3705 γένος,
339 3626 464 3707 ἔμφρων
475 3650 508 3690 τε
521 3624 615 3703 ἄλλως
628 3629 681 3693 καλ
695 3628 820 3711 πρέπων
829 3625 1030 3719 Ἰουστινιανρλ
1039 3630 1158 3716 δπουρ·

51 3714 121 3790 νεῖν
135 3710 264 3791 βασιλεῖ.
307 3721 339 3771 et
352 3714 465 3774 Paulae
477 3713 665 3775 silentiarius
679 3718 789 3796 parts
803 3736 833 3777 r.
851 3719 929 3783 1362

552 3806 594 3897 ἦν
611 3814 644 3879 δὲ
660 3813 718 3881 στίν
734 3808 819 3899 crisci

221 3890 383 3976 πάνσοφος
394 3890 544 3983 Ἰσίδωρος
562 3900 638 3981 έχων
654 3896 730 3965 νόον
747 3911 805 3961 eto.

50 3996 213 4077 utriusque
234 4008 388 4077 praeterea
411 4004 549 4061 meminit
568 4001 652 4063 idem
672 4004 833 4083 Procopius
852 4000 891 4062 da
904 4002 1041 4070 Aediss
1061 4006 1099 4078 8,
1119 4012 1155 4063 ut

50 4080 189 4141 cedinus
203 4084 359 4143 cuiusdam
371 4088 495 4165 Ignatii,
517 4090 596 4147 inter
605 4099 649 4148 tot
659 4089 818 4167 magistros
831 4086 1023 4165 architectos,
1045 4088 1154 4169 quibus

50 4186 127 4226 usus
149 4178 196 4227 est
216 4171 397 4230 lastinianus
418 4174 451 4243 iu
476 4171 633 4233 condendo
655 4174 744 4249 aede,
777 4192 852 4256 quos
875 4177 1079 4236 centenarium
1095 4194 1152 4237 ex·

48 4254 154 4331 plesse
167 4273 329 4315 ntunerum
340 4254 425 4317 idem
438 4256 548 4337 tradit,
569 4256 607 4319 (lo
624 4279 684 4344 quo
700 4259 797 4321 multa
809 4270 949 4341 nugatur.
