2792 4709
399 230 652 304 DESCRIPTIO
675 231 710 303 S.
734 232 923 311 sorffllu
1140 234 1213 309 139

112 402 172 463 cosi
183 398 276 463 θείυυ
287 397 508 481 θυσιαστηρίου
521 397 704 483 &capim-
725 400 777 461 obi
790 404 888 463 soleae
902 418 1028 461 numero
1040 402 1213 464 multitudi-

112 489 165 546 nis
180 484 308 545 efferant
321 486 479 564 scriptores
491 488 559 560 isti,
581 506 651 545 oum
663 488 745 545 solea
758 508 819 546 non
835 487 903 547 aedi
918 486 1064 547 duntaxat
1078 488 1212 570 Sophia-

111 590 173 629 nae
187 574 309 651 propria
322 572 428 645 fuerit,
450 568 505 630 sed
518 570 607 631 aedes
621 589 726 631 omnes
742 590 842 632 sacrae
860 592 929 633 suas
945 574 1041 633 soleas
1056 570 1212 635 habereut.

110 654 210 737 idque
231 659 302 715 satis
320 667 474 735 praetem
495 658 646 735 colligitur
666 677 706 716 ex
726 660 828 717 Leone
843 661 1045 717 Grammatico
1059 680 1091 739 p.
1106 661 1168 724 450
1182 670 1213 719 et

111 739 199 815 45¹,
226 742 279 799 ubi
298 742 437 813 meminit
458 742 608 801 solearum
626 740 747 801 aedium
763 742 993 803 Blachernensis
1010 754 1039 801 et
1061 745 1094 803 S.
1110 748 1212 805 Mocii.

111 836 146 883 at
160 844 239 905 quae
252 846 320 905 pars
335 826 388 884 illa
399 829 439 886 sit
452 828 576 907 templi,
600 828 757 907 ambigunt
770 826 917 889 doctiores
932 850 988 887 nec
1001 830 1078 888 iuter
1091 847 1129 887 se
1139 850 1212 889 con-

110 915 265 983 sentiunt3
294 930 367 989 prae
388 914 494 971 ceteris
511 932 583 972 vero
603 910 808 973 doctissimam
830 926 859 973 et
880 914 1064 973 luculentam
1079 933 1113 972 ea
1129 912 1166 973 de
1180 936 1213 974 re

112 994 355 1055 dinemuaaem
368 998 498 1056 instituit
509 1000 571 1057 Leo
586 999 715 1058 Ailatins
728 1000 750 1057 l.
770 1003 784 1061 1
801 1000 982 1081 συμμίκτων,
1003 1000 1056 1057 ubi
1072 998 1213 1059 discussis

111 1084 294 1161 scriptorum
310 1084 466 1140 sententiis
484 1102 572 1142 suam
586 1085 651 1163 ipse
672 1084 833 1160 stabilivit,
866 1082 1004 1165 dixitque
1019 1087 1133 1142 soleam
1147 1106 1212 1144 esse

111 1167 231 1241 basim,
258 1167 433 1225 fulcimenta
453 1186 489 1225 ac
507 1180 608 1248 partes
622 1169 779 1228 inferiores
791 1168 918 1227 tabulati
931 1170 1103 1244 cancellati,
1133 1190 1212 1251 quae

112 1250 231 1311 solida
248 1251 312 1309 lieri
330 1252 445 1327 soient3
477 1273 518 1313 ex
530 1272 608 1335 quo,
633 1254 750 1334 inquit,
778 1254 892 1313 factum
911 1263 1014 1333 postea
1029 1265 1064 1313 nt
1080 1259 1212 1333 spatium

111 1334 193 1395 iliud
207 1334 289 1417 quod
302 1346 371 1395 ante
389 1339 488 1417 ipsam
501 1340 616 1398 soleam
631 1337 856 1414 effundebatur,
887 1340 968 1398 solea
990 1337 1050 1399 dici
1071 1344 1213 1420 coeperit.

113 1424 165 1481 cui
178 1419 304 1503 quidem
317 1424 483 1481 sententiae
495 1424 598 1483 farere
609 1423 729 1483 videtur
743 1426 862 1484 lexicon
879 1426 931 1483 Gr.
945 1444 992 1483 ms
1004 1426 1037 1482 in
1050 1424 1125 1483 bibl.
1135 1428 1212 1504 Reg.

113 1506 184 1566 cod.
198 1508 301 1570 was:
328 1505 443 1590 sepelit
461 1504 497 1571 so*
510 1512 567 1572 τοῦ
582 1510 777 1590 δικαστηρίω
789 1504 936 1592 κᾶγυελυυ
952 1504 1012 1591 ἢῆ
1025 1510 1134 1587 solio,
1157 1530 1213 1570 seu

112 1602 150 1651 nt
163 1590 256 1651 babet
269 1592 352 1651 eliud
365 1594 504 1669 lexicon,
535 1593 619 1675 qnod
635 1594 808 1653 inscribitur
821 1593 1113 1673 Zsipasociiiece,
1144 1594 1213 1656 cod.

114 1680 210 1751 1688,
229 1671 291 1759 ἦῆ
304 1681 362 1740 scri
375 1678 459 1758 ίερυῦ
471 1683 600 1757 συλαῑα,
621 1680 663 1738 ita
677 1689 712 1738 at
725 1698 819 1739 anum
832 1676 971 1739 rideatur
982 1700 1047 1740 esse
1061 1683 1211 1741 cancellus

113 1770 146 1821 et
158 1763 254 1821 solea.
296 1782 402 1821 verum
414 1764 470 1822 etsi
483 1772 596 1823 certum
610 1767 651 1824 sit
664 1766 779 1823 soleam
794 1766 979 1847 appellatum
992 1768 1122 1846 spatium
1133 1764 1212 1825 illud

113 1846 200 1929 quod
213 1848 356 1907 cancellis
371 1848 499 1909 bematis
513 1850 739 1927 obversabatur,
767 1870 828 1910 non
843 1850 911 1910 ideo
927 1861 1029 1910 umen
1041 1860 1063 1908 'a
1077 1851 1140 1909 eolo
1153 1854 1212 1910 isto

114 1952 171 1992 sen
183 1932 250 1991 basi
263 1934 464 1993 cancellorum
473 1954 584 1993 nomeu
600 1938 744 2015 sumpsit,
766 1934 820 1995 sed
833 1939 934 2017 potius
948 1956 967 1994 a
982 1934 1044 1995 solo
1058 1937 1107 1993 vei
1125 1940 1213 2017 pavi-

113 2028 219 2077 mento
233 2016 367 2092 editiori,
392 2017 474 2099 quod
489 2018 627 2080 hocloco
639 2022 730 2080 altius
746 2022 907 2080 eminebat.
949 2018 1030 2079 unde
1048 2030 1127 2080 recte
1145 2024 1214 2079 Me-

112 2100 229 2162 nsrdus
240 2100 281 2161 ad
295 2103 408 2163 librum
419 2105 604 2165 Sacrament.
617 2106 754 2185 Gregorii
768 2118 798 2165 et
813 2108 927 2165 Gnarus
942 2104 981 2165 ad
992 2104 1214 2186 anhologium

113 2206 177 2247 non
186 2208 250 2248 uno
262 2189 329 2247 loco
345 2189 459 2249 soleam
473 2188 615 2250 dixemnt
628 2212 693 2251 esse
707 2194 913 2271 pavimentum
921 2194 1101 2251 eminentius
1115 2194 1214 2251 ecole-
1233 2190 1257 2245 P
1275 2192 1328 2251 ⁵86

113 2275 195 2349 eise,
218 2270 300 2354 qnod
313 2285 360 2334 est
373 2285 443 2333 ante
454 2275 534 2335 iores
548 2279 685 2353 sacrarii,
706 2280 785 2335 inter
797 2275 921 2336 chorum
936 2288 966 2335 et
979 2281 1159 2353 sacrarium,
1181 2281 1216 2337 in

113 2376 177 2440 qno
191 2369 237 2418 est
247 2360 351 2435 altare,
371 2360 539 2421 cuiusmodi
553 2362 681 2421 describi
694 2360 815 2421 videtur
827 2381 845 2420 a
859 2364 960 2421 Leone
975 2364 1104 2422 (latiens.
1119 2368 1139 2426 3
1156 2366 1215 2427 st:

112 2442 170 2503 sed
182 2443 268 2502 illud
277 2448 441 2525 proseqens
465 2446 549 2527 quod
563 2466 648 2505 secus
667 2447 765 2504 altare
786 2456 829 2504 eet
848 2458 877 2503 et
896 2449 929 2504 in
944 2446 1046 2517 choro,
1065 2446 1216 2526 gradibus

113 2528 180 2587 iltis
197 2528 309 2609 quibus
328 2530 373 2588 ad
389 2532 469 2589 rilem
479 2532 577 2589 altare
587 2532 772 2603 masmine,
801 2529 908 2589 crustis
919 2534 1116 2609 pretiosorum
1132 2524 1218 2589 marr:

113 2634 234 2672 morum
253 2616 370 2673 decenti
389 2618 532 2675 varietate
549 2616 696 2675 dsbtinxit.
740 2614 774 2675 id
794 2634 866 2675 sane
887 2618 1026 2676 evincunt
1042 2636 1103 2675 non
1124 2616 1215 2677 modo

114 2700 216 2758 simile
229 2702 436 2779 pavimentum
449 2702 603 2782 aliquanto
618 2700 746 2776 editius,
775 2700 858 2785 quod
873 2704 905 2759 in
919 2703 1101 2761 nostratibus
1116 2704 1215 2761 eccle-

114 2787 170 2845 siis
183 2784 310 2865 perinde
325 2785 374 2845 bis
385 2787 460 2847 locis
475 2790 673 2868 conspicitur,
701 2786 756 2847 aad
776 2790 868 2845 etiam
888 2806 977 2846 voces
989 2788 1216 2847 Graeoobarba-

115 2890 185 2945 rae,
210 2867 363 2948 ίιυίίυρ,
391 2871 521 2947 scisma,
551 2871 690 2951 ἠσοίίυ,
712 2870 732 2936 ί
753 2872 857 2946 coliae
878 2882 909 2930 et
928 2872 951 2954 ἡ
972 2874 1081 2949 colia,
1104 2874 1214 2955 quibus

114 2966 242 3014 utuntur
257 2961 370 3037 passim
388 2961 547 3038 scriptores
562 2960 735 3039 Byzantiui,
763 2962 815 3039 qui
835 2976 886 3016 ees
904 2957 1028 3017 indubie
1053 2956 1214 3017 hauserant

114 3042 168 3099 rel
186 3060 205 3098 a
215 3044 331 3101 Latinis
351 3046 497 3124 sequioris
512 3046 579 3101 aeri
592 3044 642 3102 rel
655 3044 693 3101 ab
706 3044 800 3117 italis,
822 3044 1000 3125 quibuscum
1014 3060 1133 3121 semper
1146 3060 1214 3100 ma-

115 3144 215 3205 gnum
228 3125 360 3187 habuere
372 3132 596 3210 commercium.
639 3132 751 3209 quippe
767 3126 847 3207 apud
861 3129 952 3187 Italos
967 3126 1109 3209 quicquid
1124 3146 1214 3207 supra

113 3214 323 3291 pavimentum
337 3218 481 3293 tantisper
494 3216 615 3287 eminet,
636 3213 750 3293 sogle'c,
770 3224 805 3271 ut
820 3211 900 3292 apud
912 3214 1042 3272 Francos
1055 3212 1145 3282 reati,
1159 3230 1214 3271 seu

114 3296 228 3356 mltum
246 3296 371 3357 dicitur:
399 3298 481 3358 unde
498 3302 631 3379 primum
652 3310 755 3379 portae
773 3297 899 3377 gratim
920 3318 972 3357 seu
989 3296 1095 3359 domus
1118 3300 1215 3357 Ilmen

114 3382 147 3440 le
161 3382 241 3441 senil
254 3384 291 3441 de
310 3384 344 3441 la
355 3395 444 3462 porte
458 3401 684 3464 nuncupamus,
712 3386 841 3463 primam
859 3402 969 3465 nempe
991 3394 1020 3443 et
1040 3384 1214 3442 inferiorem

114 3468 244 3541 mem,
265 3472 314 3527 cui
327 3479 423 3527 totum
436 3467 606 3528 aedificium
617 3470 753 3548 ligneum
764 3470 885 3543 insistit,
907 3478 937 3527 et
951 3488 1042 3549 quarn
1058 3480 1216 3528 transcen-

116 3552 191 3612 dere
206 3564 326 3612 tenetur
346 3558 399 3634 qui
420 3554 545 3613 domum
566 3555 631 3613 vuit
650 3553 786 3633 ingredi3
811 3572 887 3634 quae
901 3554 1024 3635 quidem
1037 3556 1118 3614 trabs
1135 3554 1217 3613 seule
1268 3566 1277 3589 ’

115 3650 242 3697 vocatur
259 3642 291 3697 in
315 3639 531 3699 consuetudine
551 3641 727 3720 municipali
739 3640 949 3698 Aureiiaaeusi
963 3649 1017 3697 art.
1032 3638 1095 3703 238
1116 3649 1146 3698 et
1161 3642 1217 3697 Ni-

114 3726 259 3783 vernensi
273 3744 338 3803 cap.
348 3726 389 3788 26
404 3736 458 3783 art.
473 3728 494 3790 8
509 3736 539 3784 et
553 3726 604 3799 11,
618 3726 730 3784 soulier
743 3726 774 3783 in
791 3722 897 3783 eadem
910 3722 1087 3783 Nives-nansi
1100 3746 1165 3804 cap.
1177 3726 1219 3788 10

115 3819 173 3867 ert.
193 3814 248 3883 10,
276 3820 311 3867 ut
324 3810 505 3869 Florentinis
520 3809 670 3891 soglr'are,·
692 3810 738 3869 eol
749 3813 783 3869 in
795 3810 939 3869 ilamensi
951 3821 1005 3869 art.
1019 3813 1096 3884 877,
1124 3810 1219 3867 soline

116 3897 150 3952 in
163 3895 361 3953 Ambianensi
374 3905 430 3954 art.
449 3898 519 3960 198.
547 3894 601 3956 sed
615 3907 646 3954 et
660 3894 742 3975 apud
757 3897 886 3954 Graecos
900 3896 1079 3953 recentiores
1091 3896 1219 3955 σωλείυυ

115 3978 240 4040 aedium
257 3983 430 4061 quatumvis
446 3981 541 4041 fuisse
557 3992 674 4060 partem
686 3979 775 4040 docet
786 3984 921 4039 Lexicon
935 3983 986 4039 Gr.
1000 3998 1047 4038 ms
1060 3998 1135 4037 mox
1148 3980 1219 4037 lau·

116 4064 240 4123 datum:
269 4066 370 4136 ociis,
396 4060 497 4146 χώρα·
529 4067 638 4129 scitia
660 4062 924 4145 oblecticium,
946 4084 1055 4143 nempe
1070 4058 1145 4143 qiud
1164 4082 1218 4123 seu

115 4152 232 4209 limen:
264 4161 310 4209 est
329 4152 411 4209 enim
430 4149 609 4211 academicis
626 4152 785 4211 (trasconis
809 4150 907 4232 tagla
925 4152 1027 4229 pietro
1047 4168 1064 4206 o
1085 4148 1219 4220 scolene,

114 4237 195 4295 dove
201 4255 319 4315 posuero
328 4235 379 4315 gls'
389 4238 485 4316 stipiti
499 4236 551 4297 del
559 4238 652 4297 urceo.
696 4240 818 4318 itaque,
840 4238 867 4297 si
882 4237 959 4295 bene
973 4252 1117 4315 auguror,
1138 4234 1219 4295 atae
