2792 4709
148 302 170 337 ae

223 154 297 229 108
469 157 682 241 onmem
706 156 752 225 nv
777 154 1082 256 manumortis
1162 106 1166 113 ⁶

220 324 390 405 explicere,
412 317 641 405 στρατηγήματα
653 342 721 385 sssa
735 320 832 401 dixit,
853 342 932 406 quoe
948 325 981 383 ris
997 333 1062 382 orte
1076 319 1339 401 amemqaeps»

222 413 282 471 aito
297 422 369 470 suut
385 410 582 487 imperatorin.

194 531 197 539 ·
307 498 380 560 278.
422 504 584 574 sequentes
619 494 856 573 comparationes
885 513 903 553 a
931 492 1110 573 spectaculis
1138 490 1340 552 Gis-oensibrs

223 578 416 659 depromptae
437 591 519 641 sumt.
562 589 758 655 venatorum,
780 580 890 660 quibus
911 599 982 639 utrm
1000 580 1077 639 ursis
1094 578 1256 639 leonibus
1272 595 1341 656 pss-

223 664 317 725 theris
342 666 471 746 aliisque
495 667 570 727 feris
588 667 694 725 bestiis
715 684 763 725 res
785 675 865 743 erat,
895 662 977 725 unde
996 664 1131 725 bestiarii
1155 662 1245 723 dieti
1269 672 1342 732 sunt,

223 754 300 811 mira
316 750 376 809 fuit
393 748 557 811 dexteritas
572 748 688 832 pedum
703 752 855 832 totiusque
870 752 1019 831 corporis,
1040 760 1076 809 at
1087 768 1252 830 praesens
1267 767 1343 805 snor-

159 896 165 901 .
223 837 263 896 tis
283 838 454 915 pericrslum
471 836 643 897 evaderent.
686 838 773 897 euim
791 834 1208 898 crudelissimaevenationis
1227 844 1265 893 et
1280 852 1343 893 ssu·
1371 830 1373 911 ζ

223 923 379 1001 guiuarim
397 923 559 1003 voluptatis
578 925 697 983 tristem
717 920 883 983 admodum
906 922 1139 1002 descriptionem
1155 921 1263 980 nobis
1278 920 1344 977 reli-

223 1009 290 1089 quit
307 1006 500 1069 cassiodorus
523 1010 688 1069 Vormrum
707 1006 761 1066 lib.
778 1008 799 1074 5
818 1010 903 1088 epist.
919 1007 972 1073 42.
1015 1006 1086 1069 vide
1103 1008 1209 1066 etiam
1230 1006 1345 1065 Psnvi-

310 1181 384 1243 280.
426 1181 560 1240 Heraclii
577 1178 741 1239 dexteritas
759 1196 829 1237 cnm
842 1179 964 1259 aurigae
977 1176 1162 1237 dexteritate
1177 1190 1345 1255 eompara-
1374 1188 1376 1249 i

224 1273 284 1322 tnr.
312 1283 432 1323 summa
446 1267 529 1325 enim
543 1276 606 1324 erat
618 1266 791 1343 aurigarum
804 1284 852 1323 ars
865 1275 896 1323 et
908 1263 1056 1325 industria
1068 1265 1103 1321 in
1117 1264 1216 1343 equis
1231 1272 1267 1319 et
1282 1278 1344 1319 eur-

225 1348 480 1415 ribusileotendis
496 1349 536 1411 ad
549 1362 663 1427 metas,
684 1370 725 1408 ue
745 1352 891 1429 posterior
906 1354 1036 1430 priorem
1053 1356 1281 1408 anteverteret.
1323 1345 1345 1402 si

225 1435 309 1493 enim
329 1437 422 1495 nimis
443 1440 513 1518 quis
535 1447 650 1497 metam
671 1438 829 1510 evitasset,
854 1436 908 1515 qui
928 1446 994 1496 tarn
1013 1434 1205 1515 sequebatur
1227 1433 1345 1509 auriga,

226 1520 307 1578 inter
317 1530 432 1581 metam
443 1532 475 1581 et
486 1524 619 1603 priorem
632 1522 765 1581 breviori
779 1523 875 1600 spatio
887 1519 1005 1581 delatus
1019 1540 1060 1581 ex
1070 1517 1215 1579 meando
1227 1520 1345 1599 primus

227 1604 428 1683 efficiebatur,
449 1607 533 1689 quod
547 1612 658 1687 erepere
669 1608 772 1666 Iastini
787 1604 939 1667 dixerunt.
960 1605 1031 1667 vide
1043 1605 1236 1665 Panvinisnn
1255 1608 1273 1666 1
1298 1600 1345 1665 ts
1375 1596 1376 1621 ³

303 1692 386 1837 6281·
428 1688 522 1770 λαξάς
541 1693 731 1774 subintelligi
751 1694 874 1776 τρίβους
893 1693 1019 1753 uoniioio
1040 1712 1081 1751 ex
1100 1690 1263 1771 superiori
1278 1707 1345 1747 ver-

227 1777 302 1839 sur
324 1778 374 1839 ὃν
788 1786 804 1799 ”

313 1856 387 1925 mt-
430 1857 614 1945 παραβάτην
627 1860 743 1943 dnplioi
756 1880 847 1923 sensu
863 1872 952 1923 vooat
962 1865 1097 1936 Persam,
1118 1870 1192 1925 tum
1207 1862 1285 1942 quis
1298 1859 1342 1917 lo-

230 1963 300 2003 cum
312 1947 460 2024 aptiorem
473 1946 513 2007 ad
523 1968 659 2029 pugnam
670 1959 957 2043 praeoccupaverat,
979 1960 1047 2012 tum
1061 1949 1158 2009 etism
1170 1950 1253 2028 qnia
1266 1966 1285 2003 a
1299 1964 1343 2003 re-

228 2030 345 2109 ligione
360 2030 529 2094 Christiana
544 2033 706 2095 deleuerat.
738 2028 916 2117 παραβάτης
929 2035 1011 2095 enim
1025 2044 1071 2095 est
1081 2044 1149 2093 tam
1163 2035 1194 2097 is
1209 2034 1267 2115 qul
1279 2048 1341 2089 απ·

230 2134 298 2174 rum
310 2115 472 2178 modorum
483 2120 562 2181 alios
574 2120 754 2202 praevertit,
775 2138 868 2202 quam
881 2122 934 2201 qui
944 2122 1046 2203 legem
1056 2120 1200 2181 violavit.
1249 2116 1343 2177 ecole-
1375 2182 1376 2189 η

230 2202 343 2259 siastici
355 2206 513 2284 scriptores
526 2210 643 2286 passim
656 2208 809 2268 lulianum
822 2208 898 2287 imp.
914 2200 1095 2281 ἀποπνοίας
1107 2205 1231 2264 scelere
1247 2204 1343 2263 femo-

231 2304 301 2345 sum
321 2284 502 2371 παραβάτην
520 2302 551 2353 et
569 2288 622 2359 ris
644 2288 678 2356 ἐν
699 2286 807 2367 delore
828 2292 997 2374 appellant.
1041 2310 1075 2351 ac
1099 2286 1213 2351 Pisida
1237 2292 1342 2349 iterum

232 2372 277 2431 sic
291 2385 378 2433 vocat
392 2373 557 2437 (thosroam
570 2380 604 2439 iu
619 2378 822 2439 Heraohodos
834 2380 966 2439 Aoum.
984 2380 1003 2443 1
1024 2379 1097 2442 206.
1142 2376 1295 2435 Getarum
1312 2370 1341 2431 hi
1375 2430 1376 2447 v

233 2455 295 2517 duo
311 2460 406 2519 iambi
418 2463 462 2521 ita
477 2465 606 2524 citantur
621 2466 655 2523 iu
666 2462 779 2527 fluida:
800 2460 855 2526 τάν
874 2458 1055 2546 παραβάτην
1075 2458 1252 2543 σνμβαλὸτ
1272 2464 1343 2525 suls·

233 2546 301 2627 ⁶⁹93
317 2544 393 2627 top
409 2544 471 2628 πρὸ
484 2554 540 2629 τῆς
555 2544 657 2631 μάχης
672 2544 796 2631 doricae
814 2549 858 2623 εἰς
876 2542 1065 2629 ἀντιστάτην.
1106 2556 1276 2609 vertuntur
1291 2564 1342 2603 su-

233 2638 298 2686 tem
314 2630 565 2708 slortpamboten
586 2654 656 2694 cum
668 2636 747 2712 ficto
771 2635 885 2715 korps'te
904 2636 1090 2695 committens
1107 2643 1179 2691 orsis
1197 2650 1343 2713 pugnarn

236 2713 271 2769 in
279 2712 488 2776 adeamne·
499 2722 661 2780 ιἀααὶταεὲ.
706 2718 849 2801 equidem
862 2740 919 2781 neo
930 2722 1092 2781 lectionem
1103 2738 1161 2777 neo
1170 2722 1344 2779 versionem

238 2796 443 2875 recipiendam
467 2823 585 2864 censeo.
628 2808 744 2884 primns
765 2810 848 2866 enim
867 2826 988 2883 versus,
1009 2816 1045 2867 ut
1060 2803 1112 2865 hio
1124 2803 1272 2879 efferunt,
1293 2818 1342 2862 suo

237 2893 319 2942 earet
332 2904 477 2963 umnero3
499 2892 705 2969 interpretatio
718 2902 821 2953 antem
835 2890 971 2974 adposita
985 2892 1110 2953 vouibus
1126 2887 1344 2973 πλασμῷξὲνφ

237 2988 257 3028 s
270 2988 415 3049 gennano
429 2992 537 3051 sensa,
558 2978 593 3035 ni
605 2976 711 3053 fallor,
732 2978 889 3039 abhorret:
910 2998 984 3039 nam
995 2996 1053 3037 neo
1065 2970 1201 3057 αλασμάς
1215 2972 1343 3033 adiecti·

237 3074 313 3115 vum
330 3077 388 3117 neo
407 3058 494 3135 ξάνος
512 3063 735 3123 substantivum
750 3082 863 3125 nomen
882 3074 943 3141 est,
965 3062 1020 3125 sed
1037 3072 1150 3123 eontra.
1191 3060 1342 3120 Aemilius

237 3141 347 3201 Portus
363 3142 574 3207 difficultatem
595 3151 726 3210 sensisse
747 3149 883 3210 videtur:
904 3160 940 3209 ut
958 3151 1042 3210 enim
1059 3151 1204 3208 llusteme
1229 3144 1342 3205 ibidem

237 3222 377 3304 adnotat,
401 3232 559 3292 maluisset
575 3233 678 3313 legero
692 3239 815 3323 πλαστηό
829 3236 914 3321 ξάνφ.
957 3254 1065 3296 verum
1078 3244 1114 3293 ut
1129 3252 1186 3312 ego
1203 3234 1342 3301 ooniicio,

237 3308 375 3389 πλασμάς
392 3312 477 3373 idem
496 3329 543 3375 est
564 3337 600 3377 ao
617 3318 789 3401 πλατυσμός
796 3322 955 3403 plmu'ries,
975 3323 1009 3380 in
1024 3338 1117 3401 quam
1132 3320 1268 3379 coniecti
1280 3324 1343 3379 mut

237 3393 348 3452 Persae
367 3397 405 3455 ab
425 3402 583 3476 Heraclio,
605 3406 659 3483 qui
672 3423 691 3461 a
706 3415 791 3487 tergo
806 3410 984 3467 circumiens
998 3405 1080 3465 edita
1093 3406 1162 3466 loca
1175 3422 1343 3485 oocupare-

238 3488 296 3538 rat.
339 3477 418 3541 hanc
439 3495 542 3545 sutem
562 3488 721 3567 planitiem
735 3493 825 3572 ξένην
836 3495 1045 3574 peregrinam,
1066 3503 1245 3551 mmmm
1259 3495 1344 3549 vocat

238 3574 320 3622 reote
330 3566 445 3644 Pisida,
460 3568 751 3653 qaia‘procnrrentes
763 3582 873 3639 Persae
887 3582 920 3637 in
933 3580 1001 3638 loos
1012 3576 1196 3639 devenerant
1210 3578 1344 3635 inimice

239 3668 346 3709 venun
364 3653 475 3717 fluidas
487 3660 520 3717 iu
535 3659 630 3743 pltero
642 3680 732 3721 versu
747 3662 840 3723 habet
853 3658 1034 3743 ἀντιστάτην
1047 3663 1278 3733 admonitos,
1299 3657 1345 3741 qui

240 3733 339 3795 videri
355 3744 452 3819 possit
470 3744 523 3803 ille
530 3744 629 3820 fictor
638 3744 759 3825 torpeo,
779 3768 873 3831 quem
884 3769 941 3809 nos
956 3747 1156 3812 excludimus.
1198 3758 1286 3807 oerte
1301 3766 1344 3805 eo·

241 3818 304 3880 dex
313 3842 375 3882 non
389 3820 586 3909 άντιττάτην,
608 3831 664 3891 sed
680 3828 865 3917 άντιττάάην
883 3834 991 3911 habet,
1014 3830 1245 3917 uniusquidem
1258 3834 1344 3901 vocis

242 3913 380 3987 quamvis
397 3914 482 3973 nulla
496 3926 658 3995 suppetant
671 3921 832 4001 exempla,
855 3941 961 3982 sensus
978 3932 1096 3995 minen,
1118 3914 1251 3979 mmihi
1264 3916 1344 3978 vide·

241 4002 307 4068 tur,
334 3996 443 4058 elucet.
486 4003 529 4059 ait
552 4005 635 4061 enim
654 4012 745 4084 potita
765 4009 940 4067 Heraclium
961 4010 1098 4087 ooigisse
1118 4008 1229 4064 Persas
1244 4006 1280 4063 in
1294 4000 1344 4061 sd-

242 4095 362 4139 versam
380 4094 500 4163 partem
521 4087 670 4153 secedere.
714 4092 816 4173 itaque
837 4093 882 4170 εἰς
894 4087 1080 4173 άνττατάάνρ
1094 4088 1179 4152 idem
1192 4099 1240 4151 est
1257 4108 1291 4181 pe
1305 4086 1345 4159 eir

226 4154 384 4275 Ιάντιτρά,
408 4170 452 4246 tle
467 4176 671 4241 mmm
771 4204 774 4213 Α
