2792 4709
269 144 481 229 Qumcws
505 148 551 215 nt
574 146 747 217 onnon
771 130 999 218 ivonem
1115 148 1186 225 tue

232 357 303 437 rr
340 358 617 437 nauium
655 360 1029 455 rvrrucurr
1116 473 1121 480 ἱ

349 498 909 563 ΑΒΝΟΤΔΤΙΟΝΕΒ.

156 670 190 709 v.
211 656 240 715 1.
282 652 431 730 Deiparao
445 652 572 731 virginii
589 673 648 735 ope
665 656 909 735 praeeantiaaima
923 652 1114 734 cpolitamm
1128 674 1181 714 or-

46 732 142 795 bem
169 746 275 795 ooutra
285 738 420 796 Abarnm
440 735 568 798 hoatilea
586 740 719 821 impetur
735 740 830 799 ruinae
845 749 1011 813 narratam,
1036 758 1105 798 oum
1118 742 1181 799 He·

46 821 186 881 recline
199 824 233 879 in
245 821 370 883 Peraido
384 833 488 883 eontra
502 820 668 885 Choeroam
679 834 845 905 pugnarat,
868 842 947 883 enno
964 822 1105 884 videlieet
1120 827 1181 883 im-

45 908 149 986 perii
168 906 307 967 eiusdem
321 910 371 983 16,
389 904 501 971 choen
515 930 587 970 raro
598 913 672 985 626,
694 908 746 969 dia
761 900 928 975 29'meneia
941 912 1021 984 iulii,
1043 930 1180 969 oommu-

45 993 116 1049 nia
137 1002 190 1051 eat
210 995 391 1074 eoriptormn
411 999 578 1055 nomenoio.
619 995 691 1055 ride
705 993 874 1057 Chronioon
890 992 1036 1055 Paaohale
1050 1016 1087 1073 p.
1107 996 1179 1069 893,

49 1074 300 1157 Theophanem
313 1081 348 1137 r'u
363 1078 590 1159 Chromgroph.
601 1102 639 1159 p.
658 1080 739 1157 264,
764 1076 966 1163 Nioaphorum
980 1076 1182 1160 patriarcham

52 1164 99 1219 in
121 1163 222 1221 Brev.
236 1187 273 1245 p.
294 1169 352 1239 12,
382 1164 789 1227 intermortuarum
802 1168 888 1225 Hirr.
905 1164 992 1225 Eool.
1011 1165 1051 1224 ad
1067 1184 1181 1224 annum

53 1248 211 1307 Heraclii
227 1254 277 1325 16,
292 1259 324 1308 et
337 1259 407 1329 poet
419 1245 477 1310 hoa
488 1253 652 1311 Bamuium
665 1251 705 1310 ad
718 1271 831 1312 annum
844 1252 917 1317 625.
941 1270 998 1311 neo
1013 1251 1102 1309 alitor
1116 1270 1180 1308 rom

57 1344 177 1392 aotam
197 1354 264 1394 earo
282 1332 406 1393 tradunt
424 1339 565 1418 gaminae
584 1336 623 1396 de
642 1338 725 1398 beno
739 1338 868 1397 Abarioo
880 1338 1082 1411 narrationes,
1104 1354 1180 1416 quaa

58 1422 285 1479 commentarii
298 1422 365 1481 looo
379 1432 449 1501 poet
461 1419 553 1483 haeae
564 1441 650 1483 meaa
663 1420 870 1483 adnotationee
883 1420 1037 1481 adiioiam.
1077 1422 1180 1501 itaque

58 1508 185 1564 morito
203 1514 300 1564 totam
320 1503 359 1564 de
377 1506 512 1566 barbaria
526 1510 685 1569 vtaorinn
696 1507 887 1569 beatiorimaa
901 1508 1011 1585 virgini
1026 1515 1181 1585 aooeptam

60 1590 168 1649 refert
181 1589 296 1650 Pisida.
339 1592 443 1650 oonfer
460 1589 518 1651 hoa
536 1594 654 1653 iambos
675 1613 745 1653 oum
757 1593 1001 1673 iueoriptionibur
1015 1593 1048 1649 iu
1064 1592 1178 1669 templo

60 1672 311 1737 Blaohomamm
320 1678 445 1756 poeitir,
477 1696 554 1759 quae
571 1680 688 1759 primm
709 1676 805 1739 edidit
820 1678 994 1757 Dnoaugiua
1011 1674 1051 1737 ad
1067 1680 1177 1739 Ζοιιατ.

62 1773 89 1821 t.
111 1766 190 1843 21>-
212 1761 264 1827 65.

160 1851 193 1913 8.
234 1839 553 1929 προαναγράψαι.
633 1848 643 1863 “
1154 1874 1156 1886 ·

161 1936 213 1997 12·
255 1934 398 2011 Sergium
417 1952 436 1991 a
454 1936 612 1995 aanotitate
630 1932 751 2001 uturum
774 1944 805 1995 et
824 1930 977 1995 ‹lootrinae
991 1950 1081 2011 raepe
1094 1948 1178 1990 oom-
1251 2005 1260 2021 ,

65 2014 210 2077 mandat.
251 2016 322 2078 vida
339 2018 489 2079 Hom.
505 2022 540 2081 in
547 2020 669 2097 prino„
689 2020 743 2079 ubi
761 2022 862 2100 iprum
883 2016 1032 2099 agrioolae
1045 2034 1178 2095 evauge-

66 2106 136 2163 lioo
151 2114 321 2183 oomparat,
351 2106 406 2184 qui
416 2107 568 2166 mentium
580 2122 702 2185 oampoe
717 2124 790 2165 auae
805 2104 995 2185 eloquentiae
1013 2112 1043 2161 et
1056 2102 1178 2180 pietatir
1218 2164 1219 2167 ,

68 2189 212 2251 fontibus
222 2191 328 2269 irrigat
341 2190 466 2271 alitque.
507 2194 550 2251 ita
560 2190 640 2249 iufra
655 2210 685 2251 r.
702 2194 763 2256 681
777 2190 952 2251 Haraolirm
966 2190 1039 2267 imp.
1055 2188 1179 2267 eiueqoe

70 2275 157 2334 filios
171 2276 360 2358 ooroopytov
373 2275 474 2355 Sergii
488 2276 638 2355 appellat,
669 2273 753 2357 qood
773 2296 878 2338 oroneo
893 2280 960 2355 ipae
975 2270 1136 2333 erudiverit
1148 2282 1179 2330 et

71 2356 254 2421 Christiania
266 2360 400 2420 moribne
412 2361 631 2421 informaverit.

163 2448 216 2510 16.
258 2465 381 2505 oausam
394 2443 541 2507 adrontne
553 2445 730 2505 Abarmuin
739 2446 893 2525 Europam
906 2452 986 2504 reota
999 2440 1112 2505 iudioat
1124 2444 1179 2501 Pi·

73 2528 157 2593 eida-
196 2532 312 2592 Aborae
328 2533 412 2591 enim
424 2551 443 2592 a
456 2532 663 2607 Turoievioti,
693 2540 725 2591 ot
744 2548 841 2611 usquo
862 2528 902 2591 ad
916 2530 984 2589 latri
1004 2530 1086 2609 ripae
1104 2546 1177 2607 pro-

74 2619 189 2697 greeei,
211 2615 250 2676 ad
260 2618 461 2677 turtiniauum
473 2618 608 2697 primum
622 2636 659 2675 ao
674 2626 779 2696 poetea
796 2614 836 2674 ad
848 2618 998 2677 lustinum
1013 2618 1178 2694 imperato-

73 2723 126 2762 ree
139 2704 255 2782 legator
267 2706 433 2778 miserum
448 2704 503 2785 qui
515 2722 587 2762 oum
601 2703 664 2763 illie
681 2702 856 2763 eooiotatem
870 2704 947 2763 inira
961 2722 978 2760 a
990 2722 1023 2761 ra
1036 2720 1102 2761 eaae
1116 2718 1176 2779 pu-

73 2798 195 2864 tarunt,
223 2786 307 2869 quod
327 2786 471 2850 barbam
491 2784 631 2849 hominen
651 2789 815 2869 nequirent
833 2790 867 2847 in
889 2786 1000 2848 offioio‘
1012 2788 1176 2847 continere.

73 2894 150 2933 cnm
160 2876 252 2952 igitur
265 2873 405 2933 omnibus
420 2876 461 2934 eit
473 2874 668 2933 manifestum
684 2876 802 2935 Turoaa
817 2882 935 2935 monte·
949 2873 1108 2933 Gaooaoioa
1125 2872 1175 2929 in-

75 2972 124 3019 ter
132 2960 264 3019 Pontum
276 2960 433 3018 Euxinum
448 2970 478 3019 et
490 2979 573 3019 maro
587 2961 729 3039 Caepium
741 2961 881 3041 primitur
895 2958 1071 3029 incoluisse,
1093 2964 1176 3034 patet

75 3044 210 3104 Abarum
223 3064 344 3125 quoque
356 3064 418 3105 nou
430 3044 529 3104 multo
538 3046 659 3123 lougius
673 3044 768 3104 fuisse
780 3043 895 3104 aedem.
918 3052 1007 3123 atquo
1019 3040 1091 3099 hino
1103 3059 1175 3119 pro-

74 3132 158 3188 feoto
172 3140 217 3190 oet
230 3128 314 3211 quod
326 3131 366 3206 ii,
393 3132 446 3212 qui
460 3128 499 3189 do
510 3128 633 3189 foedere
650 3130 688 3189 ab
702 3132 816 3189 Iustino
830 3132 946 3186 minore
958 3146 1028 3185 oum
1040 3124 1176 3184 barbaria

75 3218 157 3275 farto
177 3226 288 3294 agunt,
319 3224 351 3275 et
364 3216 480 3275 Aborae
493 3216 611 3275 anoaa
630 3224 661 3273 et
679 3214 796 3273 Turoaa
817 3215 943 3272 Hunuoa
965 3222 1088 3285 rooout,
1117 3228 1175 3269 neo

76 3303 151 3361 ratio
165 3300 244 3360 firmi
264 3303 297 3359 in
316 3304 453 3380 gentium
468 3302 670 3381 appellatione
681 3297 858 3374 videantur,
892 3298 979 3379 quia,
1009 3308 1044 3357 ut
1061 3294 1175 3356 dietum

77 3396 126 3445 eat
139 3387 171 3443 in
184 3388 299 3445 Monito
312 3382 352 3444 ad
367 3384 426 3445 hoo
437 3390 620 3466 poemation,
636 3404 741 3445 omnoa
753 3386 824 3445 iliae
837 3385 919 3443 ferae
933 3386 1080 3458 nationes,
1095 3401 1173 3464 qnae

76 3476 112 3530 in
123 3472 275 3551 Europam
287 3474 507 3551 migrarunt,
528 3468 710 3553 Scythamm
722 3471 773 3531 vel
787 3474 965 3529 Hunnorum
978 3472 1101 3529 nomino
1118 3464 1174 3527 de-

78 3557 288 3635 signabantur,
315 3577 354 3616 ne
368 3558 478 3617 anoia
497 3555 622 3641 quidem
640 3558 792 3638 exceptirt
816 3556 900 3615 tertia
914 3566 960 3615 oet
972 3557 1055 3613 enim
1066 3552 1173 3612 Theo-

77 3636 202 3722 phanes,
217 3643 271 3725 qui
279 3664 317 3721 p.
333 3646 396 3709 207
409 3645 453 3703 aio
465 3646 526 3703 ait:
543 3634 658 3707 Orraon
671 3636 740 3706 κατ’
752 3641 849 3706 ἐκεῖνο
862 3642 984 3721 καιροῦ,
1007 3634 1065 3715 οὓς
1076 3632 1174 3719 strip·

77 3726 257 3811 noveltyrer
272 3722 443 3809 εἰώθαμεν,
462 3724 666 3813 πρεσβεύουσι
676 3724 755 3811 upo'c
766 3720 934 3790 Ἱουστῑνον.
977 3734 1068 3806 atque
1079 3722 1175 3782 iidem

78 3822 148 3872 eunt
161 3831 236 3896 quoa
249 3814 375 3873 Hunnoa
388 3814 510 3875 Sabim
532 3826 563 3874 et
575 3816 713 3893 Abnegoa
734 3822 823 3872 vocat
841 3814 1022 3892 Procopius,
1044 3808 1081 3868 dr
1097 3808 1175 3867 bello

83 3897 173 3957 Goth.
192 3898 213 3962 4
229 3902 262 3964 8.
305 3899 470 3959 Menander
491 3902 646 3959 Pmteotor
670 3898 709 3959 da
728 3896 819 3979 legut.
839 3898 951 3956 Iurtini
960 3918 995 3977 p.
1015 3894 1173 3961 151'1'ur-

79 4004 139 4059 oar,
160 3995 190 4042 et
201 3982 450 4067 Theophylaotua
462 3986 625 4045 Simooatta
637 3989 660 4049 7
672 3988 693 4050 8
707 3984 829 4045 Sabiroa
842 3994 873 4041 et
884 3984 997 4041 Abarea
1009 3980 1173 4061 appellant.

79 4089 116 4128 ao
127 4071 272 4149 Euagrius
284 4069 423 4153 quidem,
454 4073 538 4131 onina
550 4070 710 4131 auotoritaa
724 4070 846 4150 plurimi
861 4066 998 4127 fooienda
1011 4076 1073 4143 eat,
1103 4068 1174 4147 qnia

81 4159 144 4217 eiua
157 4157 270 4217 raemli
290 4168 337 4217 aet
353 4159 494 4238 aoriptor,
526 4158 641 4219 Abarea
663 4175 681 4215 a
699 4156 812 4217 Turoia
832 4152 943 4217 divisor
962 4154 1056 4215 iubae
1073 4162 1175 4234 aperte
