2792 4709
127 141 130 148 ’
207 194 283 282 1⁵0
642 190 704 261 nu
729 188 871 261 creon

205 378 279 419 num
303 358 336 419 in
359 352 555 419 Rhmotmeto
582 366 612 418 et
639 358 771 420 Paulum
790 358 876 419 Diao.
895 354 919 416 l.
938 351 961 421 4
980 354 1058 416 Hiet.
1078 354 1165 415 lliao.
1186 354 1311 437 plebem

206 445 395 525 (ipolitenam
406 443 641 503 tumultuantem
654 464 692 504 eo
707 464 741 503 ee
756 444 916 523 reoepiaae.
958 438 1040 501 unde
1055 459 1116 501 non
1129 444 1260 517 mirum,
1283 444 1311 503 ai

206 531 283 611 μέγα
294 524 497 610 φυτιστήριον
508 527 625 588 dioatur
639 526 722 609 apud
734 540 887 589 auotorem
901 524 1043 587 chronici
1057 525 1262 587 Alexandrini
1277 531 1311 587 in

203 615 364 690 Rutilium,
386 625 417 673 et
436 612 528 696 μέγας
547 610 703 696 φωκισιήρ
723 612 807 696 apud
827 610 958 675 eundem
972 610 1143 673 Cede-enum
1158 616 1190 672 in
1204 616 1311 673 Leone

204 704 318 761 bauto.

290 786 344 848 83.
385 784 422 843 In
445 783 620 862 baptieterio
647 792 712 843 arat
735 782 804 843 iona
825 801 880 845 eeu
903 800 1051 863 aquarum
1074 782 1310 862 reoeptaoulnm,

206 870 329 929 Graecia
348 862 565 950 κολυμβήθρα,
586 866 739 928 interdum
761 865 908 946 λιξαμιυή
927 877 1152 947 nunoupetum,
1173 870 1207 927 iu
1226 867 1312 950 quod

204 955 444 1013 immittebantur
467 951 651 1033 baptizandi.
704 954 758 1035 qui
784 951 909 1034 quidem
930 952 1001 1014 fone
1021 963 1121 1011 tantae
1141 964 1204 1013 erat
1228 953 1312 1034 apud

205 1041 381 1119 Gpolitanoe
402 1041 618 1113 venerationis,
645 1048 680 1097 nt
701 1040 755 1119 qui
774 1036 814 1101 ad
832 1036 940 1097 aedem
958 1036 1144 1119 Sophienein
1166 1039 1245 1119 uayli
1262 1044 1311 1099 λιιι

205 1123 385 1199 habentem,
406 1134 442 1187 ut
461 1144 567 1185 omuea
583 1124 680 1183 ferme
698 1120 790 1183 aeder
808 1141 928 1199 eaoraa,
947 1124 1175 1203 oonfugiehent,
1198 1122 1240 1183 ed
1254 1126 1312 1184 ba-

203 1214 375 1292 ptisterium
396 1207 469 1269 inde
488 1207 719 1285 oontenderant,
748 1226 908 1290 aeoroaque
927 1210 1002 1271 iatoe
1021 1210 1122 1271 fontei
1140 1207 1312 1291 prehensa-

204 1306 283 1358 rent.
322 1297 487 1377 Prooopiua
508 1297 543 1353 in
561 1296 640 1356 lliet.
660 1310 789 1354 aroaner
810 1288 886 1378 ὅκιρ
900 1293 952 1357 ivo
965 1289 1007 1375 μή
1023 1292 1145 1376 γένηται
1162 1296 1311 1372 drideret,

205 1379 238 1456 tr
257 1376 293 1446 od
308 1384 366 1463 τῆς
384 1381 506 1459 Σοφλας
524 1376 608 1464 leode
626 1373 809 1462 φεύγουσιν,
833 1378 864 1453 ἔς
878 1400 910 1441 ιι
921 1375 973 1441 eo'v
987 1385 1076 1443 θεῖον
1089 1384 1248 1461 λουτρῶνα
1263 1381 1313 1445 ἐλ-

202 1471 322 1532 θοῦσαι
344 1470 402 1546 τοῖς
422 1466 561 1531 meree
578 1458 797 1549 κολυμβήθρας
816 1460 907 1548 droti
928 1464 1054 1545 οἴγοντο.
1094 1466 1154 1525 alio
1172 1467 1259 1527 loeo:
1280 1466 1313 1541 ἐς

203 1556 260 1631 τῆς
284 1552 407 1631 Σοφλας
427 1548 462 1615 ed
485 1548 569 1632 λιριλν
589 1546 676 1632 ἥκων
697 1549 729 1626 λς
753 1544 852 1630 αὐτήν
870 1572 932 1615 που
948 1544 1007 1630 τήν
1028 1549 1120 1613 θείαν
1142 1548 1312 1632 δεξαμενήν

204 1636 387 1713 ἐξαπιναίως
411 1632 572 1714 ἐκάθισαν,
601 1631 701 1720 ήνκιρ
725 1630 854 1717 μάλιστα
873 1628 998 1698 πάντων
1019 1636 1217 1715 νενομίκασιν
1234 1642 1313 1718 Χρι-

204 1721 323 1803 στιανοὶ
335 1720 451 1803 σέβειν,
470 1723 525 1782 ubi
536 1724 675 1803 imperite
688 1724 812 1781 omnino
827 1719 952 1796 Suidea,
975 1724 1028 1801 qui
1040 1721 1142 1781 looum
1155 1719 1241 1781 huno
1253 1744 1311 1783 ex-

205 1801 1311 1974 :tifimmittitu.‘tit-ititt'itittttttt

892 1934 901 1967 l

205 1988 237 2038 et
250 1975 441 2059 Theophane
454 1982 512 2043 κθ,
524 1975 693 2039 Theodosii
704 1912 831 2037 innidulo
846 1986 876 2035 et
888 1982 944 2043 a.7
957 1978 1088 2036 Zenouia
1099 1976 1310 2059 κολυμβήθρα,

204 2064 245 2121 ab
263 2065 332 2123 aliia
351 2057 526 2143 θαανόμος,
546 2083 565 2124 a
585 2064 729 2143 Gregorio
749 2064 792 2123 Μ.
815 2062 934 2133 cloaca,
955 2062 993 2121 ab
1005 2064 1166 2123 Anastasio
1182 2066 1216 2122 in
1231 2068 1311 2123 iliat.

205 2148 290 2208 Eool.
312 2151 497 2207 notatorirmo
516 2148 675 2209 vocitatur.
716 2141 938 2229 κολυμβήθραν
958 2144 1038 2205 dixit
1052 2150 1146 2207 etiam
1161 2147 1312 2209 Theodo-

205 2252 258 2293 ναι
273 2235 382 2293 Ιισολοι·
394 2233 479 2293 liool.
497 2238 533 2297 1:
554 2232 607 2297 καλ
619 2236 731 2297 τοῦτον
744 2231 778 2297 ie
792 2238 831 2318 ιγῖ
844 2225 1046 2317 κολυμβήθρᾳ
1061 2236 1217 2317 σφαγῆναι
1232 2258 1312 2317 καρ-

157 2324 160 2329 ’
204 2313 382 2397 σσκιῦασινγ
401 2328 437 2379 ut
449 2328 480 2379 et
490 2316 644 2378 (λεὼ-σασα
654 2320 689 2377 in
697 2320 800 2379 Ῑαοοιιο
812 2316 851 2377 de
861 2318 1068 2397 copronymo:
1088 2318 1142 2381 καλ
1153 2315 1213 2403 γὰρ
1228 2314 1313 2397 ἄρα’-

206 2404 314 2467 teron
334 2402 368 2468 tv
384 2409 425 2492 σγῙ
440 2402 512 2489 driu
528 2397 747 2489 κολυμβήθρᾳ,
768 2405 821 2464 ubi
842 2404 1211 2470 numerumnunerum
1231 2408 1312 2465 iliat-

205 2492 293 2551 uiro.
312 2486 406 2552 habet
425 2491 459 2549 io
479 2500 584 2549 ασνιολο
603 2490 738 2549 lavaero.
782 2491 815 2549 in
837 2486 894 2549 hoa
915 2498 1017 2547 autem
1036 2507 1136 2549 terrea
1151 2490 1255 2550 lontea
1270 2510 1312 2551 ex

204 2573 443 2657 aquaeductibus
458 2576 626 2642 influebant
646 2594 795 2655 perennes
812 2592 927 2655 aquae,
948 2583 984 2633 ut
1003 2574 1155 2652 oolligitur
1169 2594 1212 2633 ex
1224 2578 1313 2635 Ane-

206 2664 299 2721 etaoio
320 2658 359 2719 de
380 2662 457 2725 Vatia
479 2662 530 2719 1³1²
548 2680 581 2739 p.
602 2663 674 2734 117,
697 2657 768 2735 154,
792 2662 868 2735 168,
890 2669 921 2717 et
942 2677 983 2717 ex
1004 2669 1132 2719 traotatu
1153 2658 1193 2719 de
1210 2664 1312 2742 eapite

206 2747 241 2807 S.
257 2747 379 2805 loannis
391 2748 428 2803 B.
446 2745 501 2827 qui
519 2741 648 2803 habetur
659 2746 695 2803 in
708 2744 824 2826 aliquot
840 2740 992 2805 codioibua
1008 2744 1042 2804 S.
1057 2746 1211 2825 Cypriani.
1255 2750 1313 2807 ba-

204 2832 376 2912 ptisterium
396 2826 585 2910 Sopbianum
602 2838 758 2909 praeterea
775 2831 823 2889 iua
842 2827 983 2889 habuisse
1005 2830 1099 2910 myli,
1125 2830 1255 2911 perinde
1276 2852 1313 2893 ao

204 2920 304 2995 ipram
323 2912 446 2991 aedem,
466 2923 593 2975 testatur
610 2911 780 2974 Chronioon
798 2912 1040 2974 Alexandrinum
1054 2935 1085 2994 p·
1102 2917 1183 2981 752:
1204 2914 1313 2999 λαβαλν

205 3001 383 3076 Βασιλλσιιος
399 2996 457 3082 τήν
473 3006 604 3083 γυναῖκα
617 2992 715 3063 ositeri
733 2997 787 3062 καλ
805 2995 842 3063 τὰ
855 2996 946 3063 τέκνα
960 2998 1073 3084 λφυγιν
1088 3000 1133 3077 alc
1145 2998 1204 3085 ιήν
1216 2998 1313 3089 μεγά-

205 3091 264 3169 λην
279 3086 455 3168 λκκλησλσυ,
477 3086 522 3160 air
539 3081 574 3149 ed
591 3082 667 3167 μέγα
680 3078 894 3167 φωκιστήριον.

291 3169 344 3237 84.
385 3172 489 3231 Altera
503 3190 583 3252 quae
598 3171 744 3231 aoolealaa
762 3168 934 3251 Sophianaa
951 3165 1092 3231 adiuncta
1107 3169 1166 3231 fuit
1184 3170 1311 3251 exedra,

205 3251 383 3321 διακονικόν
402 3258 552 3336 appellata
568 3266 625 3317 eat.
667 3266 714 3315 eat
729 3266 831 3315 eutem
845 3252 1034 3315 dinoonioum
1047 3256 1169 3317 Greeoia
1180 3260 1313 3339 arripio-

205 3343 305 3417 ribuo,
326 3339 409 3423 quod
430 3343 484 3401 elii
503 3342 648 3401 eooleaiaa
670 3344 863 3399 aeoretarium
880 3351 1005 3417 vorent,
1025 3360 1082 3401 noe
1101 3342 1194 3420 nugo
1212 3348 1312 3403 mert-

205 3429 297 3487 eticuo
314 3426 454 3486 dioimua.
496 3445 574 3508 quae
592 3422 717 3508 quidem
730 3444 793 3485 vox
806 3428 934 3485 ooourrit
946 3444 1008 3486 non
1023 3426 1118 3485 eemel
1135 3427 1219 3506 apud
1233 3433 1312 3489 aori-

205 3522 322 3593 ptorea,
343 3531 405 3571 non
419 3508 511 3573 modo
527 3530 582 3592 pro
598 3508 712 3570 exedre
723 3514 765 3571 ita
782 3512 951 3592 appellnta,
970 3510 1026 3572 aed
1041 3522 1071 3571 et
1084 3511 1240 3575 interdum
1255 3536 1312 3595 pro

205 3595 353 3657 oonohula
378 3597 524 3674 bematie,
552 3600 586 3655 in
605 3616 666 3679 qua
685 3596 907 3678 reponebantur
926 3606 1025 3657 veetee
1046 3597 1249 3660 aeoerdotalea
1272 3598 1312 3659 ad

202 3702 319 3744 nerem
337 3684 491 3762 liturgiam
511 3684 713 3759 neoeaaariae,
746 3681 784 3741 de
808 3702 870 3764 qua
893 3682 1010 3761 egimus
1030 3701 1138 3765 supra,
1169 3695 1206 3743 ut
1226 3684 1312 3766 apud

205 3768 475 3847 Philoctorgiumi
495 3766 533 3843 8,
554 3768 704 3849 cyrillum
722 3768 755 3827 ln
774 3770 836 3827 vita
851 3766 1011 3849 Euthymii
1026 3788 1052 3826 o.
1071 3772 1109 3834 18
1124 3778 1155 3827 et
1172 3770 1228 3844 19,
1252 3792 1312 3830 au-

206 3864 320 3915 otorem
332 3856 418 3914 Vitae
432 3853 466 3912 S.
478 3855 626 3913 Auxentii
638 3852 899 3915 Arrhimandritee
914 3872 940 3914 o.
956 3858 973 3917 1
991 3873 1024 3912 n.
1040 3854 1079 3929 3,
1100 3854 1133 3913 in
1151 3853 1311 3917 iiuobolo-

202 3940 271 4021 gio,
291 3940 409 4019 Typioo
426 3938 542 4013 Sabae,
560 3940 705 3999 Peaoioue
727 3940 783 4001 SS.
803 3941 929 3999 Petrum
947 3938 1138 3999 Sebeiterum
1158 3950 1217 4000 ete.
1263 3945 1313 4004 ri·

198 4024 291 4098 ,detur
310 4034 412 4083 autem
426 4025 469 4082 ite
483 4026 671 4104 appellatum
684 4035 737 4083 eut
751 4022 835 4104 quod
852 4021 1047 4084 diaoouorum
1060 4026 1202 4103 primitus
1218 4026 1311 4087 fuerit

203 4111 236 4168 in
249 4129 285 4167 ee
296 4107 383 4170 redae
397 4119 428 4168 et
438 4126 604 4184 consessus,
618 4110 668 4170 vel
681 4111 782 4190 potina
794 4108 876 4191 quod
887 4106 963 4168 haee
974 4107 1088 4168 exedre
1100 4129 1205 4169 eorum
1219 4132 1312 4173 ourae

202 4196 395 4275 potiaeimum
414 4196 574 4254 oommiaee
593 4194 696 4255 fuerit.
739 4197 772 4254 in
786 4214 822 4255 ee
837 4196 920 4255 euim
933 4213 995 4254 non
1008 4194 1099 4255 modo
1112 4216 1191 4279 quaa
1204 4196 1247 4258 ed
1260 4219 1312 4259 eo-
