2792 4709
177 220 252 299 1so
613 222 676 290 nn
701 195 842 289 emon

173 389 256 451 idem
271 388 328 449 erit
343 406 379 447 so
394 386 500 460 limen,
522 397 553 447 et
566 386 664 447 soleae
675 385 756 447 idem
769 384 852 470 qaod
868 386 990 459 limiam
1011 406 1070 467 qna
1086 384 1194 445 ultima
1207 400 1284 445 roos

173 487 299 537 utuntur
310 474 424 555 passius
440 475 611 554 scriptores,
633 473 708 534 dum
728 472 765 533 de
784 472 909 533 nedibus
925 474 1017 533 saeris
1031 474 1206 553 loquuntur,
1230 483 1283 530 unt

174 562 214 621 de
230 564 268 623 iis
285 563 338 641 qui
357 557 396 617 ad
413 560 494 639 ipsas
509 580 610 619 sacras
625 558 716 621 aedes
730 560 793 621 voti
810 580 898 619 oanan
918 558 1153 639 proficiscuntur.
1198 560 1283 617 Pau-

173 648 255 707 linus
268 650 335 705 Nat.
351 648 388 707 9:

340 749 445 787 verrem
460 730 578 788 mnam
591 731 676 789 sanis
691 739 816 809 agerent
832 728 907 789 laneo
916 730 1036 809 gaudia
1052 729 1140 800 sutis,

340 812 395 873 nee
409 835 466 873 sua
482 814 638 874 iiruinilms
652 817 808 874 miscerent
817 816 932 895 pocula
946 817 1068 873 aunella.

177 912 207 960 et
224 900 322 959 infra:

506 983 719 1043 recimerem
829 1016 831 1021 ·

342 1068 499 1127 limins'lma
516 1090 646 1147 serpens.

177 1152 251 1213 bino
263 1154 421 1213 familiaris
433 1154 579 1235 loquendi
591 1154 739 1229 fommla,
760 1152 806 1213 acl
815 1152 925 1213 limina
939 1164 1111 1213 annulorum
1124 1148 1284 1230 proticisci,

178 1252 232 1301 aut
255 1259 291 1299 es
310 1242 449 1315 visitare,
470 1259 540 1299 oum
558 1238 596 1298 de
609 1243 648 1300 iis
661 1243 715 1322 qni
727 1238 767 1298 ad
782 1258 885 1298 eoram
903 1241 1040 1319 sepulcra
1055 1258 1110 1297 sen
1119 1240 1285 1297 raemoriae

179 1327 435 1407 peregrinatIones
464 1327 624 1385 instituunt
646 1326 737 1385 rerba
766 1326 879 1383 faciunt
905 1328 1073 1405 scriptores.
1115 1342 1188 1381 nans
1213 1342 1285 1383 oum

180 1422 352 1470 sanatorum
373 1412 520 1490 reliquiae
539 1430 574 1469 ao
589 1429 713 1491 corpora
727 1413 804 1469 intra
819 1408 938 1471 absidas
952 1410 1002 1467 vel
1020 1411 1138 1469 barnatu
1152 1411 1184 1467 in
1201 1410 1286 1467 Con-

179 1497 378 1570 fessiouibus,
399 1494 432 1553 id
453 1507 499 1555 est
520 1498 576 1555 snb
597 1499 672 1576 ipsis
687 1497 849 1569 altaribus,
871 1494 1023 1555 recondita
1041 1504 1157 1568 essent,
1177 1492 1286 1555 fideles

178 1584 212 1639 iu
225 1583 380 1640 liminibus
393 1600 448 1639 seu
459 1583 491 1639 in
507 1580 593 1639 solers
604 1584 732 1641 bematis
746 1582 962 1655 oonsistebant,
984 1581 1086 1661 ibique
1097 1598 1201 1659 preoes
1214 1599 1285 1639 suas

183 1686 218 1725 ao
236 1677 306 1725 vota
325 1666 533 1726 exsolvebant.
574 1670 741 1727 lllioolauss
765 1686 843 1746 papa
864 1670 950 1746 epist.
968 1666 1006 1726 8:
1028 1676 1116 1723 tutata
1128 1664 1286 1723 hominum

181 1750 270 1811 milia
296 1753 475 1830 protectioni
504 1763 595 1831 atque
620 1754 821 1811 interuessiom'
845 1752 888 1811 B.
912 1750 1112 1829 apostolorum
1135 1752 1286 1829 prs'rsrips's

183 1838 271 1896 Petri
284 1857 319 1895 es
336 1835 476 1896 omnibus
482 1836 605 1911 faresbus
619 1849 714 1897 terme
721 1841 950 1917 properantium
964 1856 1026 1895 sese
1040 1836 1173 1917 quotidie
1185 1847 1287 1895 mme-

182 1933 268 1991 runs,
290 1934 319 1980 et
333 1940 428 2002 usqua
450 1924 485 1980 s'rs
494 1923 595 1997 finem
611 1926 691 1982 ritae
706 1944 779 1983 artae
792 1923 880 2001 apud
895 1924 958 1981 eius
971 1922 1080 1981 limina
1092 1932 1183 1980 sereret
1195 1942 1287 1981 murs-

182 2028 256 2065 sura
276 2018 462 2086 proponunt.
514 2011 557 2067 ita
577 2012 691 2087 passim
712 2007 794 2088 apud
813 2011 963 2067 Victorem
978 2027 1015 2067 trs
1035 2008 1088 2065 lib.
1108 2008 1129 2070 3
1153 2008 1287 2086 Dialog„

182 2096 279 2152 beon.
302 2095 431 2151 ostiens.
454 2097 473 2156 3
495 2094 553 2167 49,
576 2096 657 2153 Petr.
676 2097 800 2153 Diaoon.
818 2091 889 2153 Clrr.
903 2093 1038 2157 Casin.4
1060 2094 1117 2167 92,
1142 2102 1172 2152 et
1191 2094 1286 2166 alios3

179 2178 290 2259 quibus
312 2179 345 2235 in
367 2177 444 2237 loeis
464 2196 526 2236 vox
547 2178 656 2237 linsirsa
677 2200 733 2259 pro
753 2180 819 2259 ipsa
837 2178 912 2238 aede
926 2198 1008 2239 sacra
1022 2181 1168 2255 sumitur,
1191 2177 1288 2238 idest

180 2282 252 2343 pars
270 2282 324 2343 pro
341 2273 415 2322 toto.
458 2280 632 2344 quanquam
648 2284 709 2323 non
724 2264 832 2323 desunt
846 2267 899 2345 qui
916 2264 1025 2322 linsr'm
1038 2282 1091 2343 pro
1105 2266 1171 2345 ipss
1187 2266 1287 2343 prima

183 2347 268 2409 aedis
282 2350 400 2428 portion
415 2356 505 2429 atque
520 2348 596 2408 adeo
611 2352 686 2429 ipsis
697 2350 811 2411 foribus
826 2351 955 2429 intelligi
968 2348 1077 2408 debere
1091 2348 1287 2423 oontendnnt,

183 2437 216 2493 in
246 2436 356 2515 quibas
383 2433 585 2493 subsistebant
612 2438 853 2515 peregrinantes,
886 2456 954 2495 oum
982 2454 1018 2495 eo
1036 2444 1289 2515 prosequerentur

180 2522 265 2579 cultu
284 2524 367 2601 ipsos
385 2531 549 2600 martyres,
574 2532 608 2580 ut
625 2532 655 2582 et
667 2524 766 2601 ipsam
778 2520 884 2581 nedem
901 2524 939 2580 iis
954 2538 1071 2581 sacrans
1084 2520 1184 2579 subire
1197 2539 1289 2581 rere-

180 2616 292 2666 rentur.
334 2608 479 2666 Paulinus
498 2609 565 2664 Nat.
581 2612 618 2671 6:

431 2691 485 2748 ille
499 2703 601 2749 antem
616 2694 671 2772 qni
684 2694 764 2749 tanti
780 2693 911 2749 mannia
926 2689 989 2749 alto

347 2794 442 2833 nomo
449 2776 519 2853 suit
532 2776 665 2847 domino,
685 2777 791 2837 modu
807 2778 839 2835 sis
853 2774 1010 2837 limmidas
1024 2786 1122 2846 semea,

336 2860 481 2940 jiaoaqrse
497 2862 619 2933 uenam,
642 2862 697 2921 sed
711 2862 841 2933 laetitia,
861 2860 948 2921 modo
963 2859 1063 2920 debita
1082 2862 1196 2921 Sorsrto

345 2955 417 3005 vota
431 2946 533 3025 refert.

183 3026 238 3089 sed
251 3038 283 3088 et
294 3028 448 3091 interdum
460 3036 543 3112 ipsos
554 3040 655 3111 postes
669 3030 896 3091 osculabantur:
918 3028 999 3089 unde
1011 3029 1092 3111 apud
1106 3026 1291 3110 Gbryeusto-

183 3134 269 3174 mum
283 3118 397 3178 Homil.
413 3122 434 3183 8
452 3120 483 3176 ln
499 3120 586 3197 epist.
597 3116 638 3175 ad
651 3114 821 3177 Corinthios
841 3110 983 3196 πρόθυρα
1000 3120 1058 3178 soei
1077 3118 1158 3178 seori
1178 3120 1292 3193 pileis,

182 3203 340 3261 Aratorem
356 3203 378 3261 l.
391 3206 412 3265 2
426 3206 537 3263 llistor.
551 3222 652 3261 sacrae
667 3213 697 3261 et
711 3204 873 3261 Paulinum
886 3204 954 3261 Nat.
969 3204 990 3265 6
1006 3200 1110 3260 osenla
1117 3201 1220 3279 sapen
1230 3220 1293 3279 po-

72 3292 97 3347 1¹
113 3293 167 3351 686
182 3285 290 3357 stibrss,
312 3286 511 3347 Prudentium
525 3291 639 3367 Hymu.
654 3294 675 3353 2
688 3298 718 3345 et
734 3289 771 3350 11
785 3286 986 3365 apostolorum
998 3298 1026 3344 et
1038 3297 1206 3365 martyrum
1221 3306 1293 3344 aeo-

183 3371 301 3429 seulars'
320 3372 429 3430 limaisa
434 3396 447 3447 ,·
468 3373 600 3455 denique
616 3371 698 3454 apud
716 3374 893 3452 Gregorinm
909 3374 938 3431 T
941 3384 1121 3432 uronensem
1132 3371 1171 3429 de
1183 3373 1293 3430 Mirao.

182 3459 286 3517 Senoti
308 3458 432 3517 Martini
452 3457 476 3523 4
508 3460 559 3524 14.
601 3458 712 3518 lirrsirsa
738 3458 772 3517 S.
801 3459 934 3516 Martini
957 3456 1100 3519 mutari.
1142 3458 1293 3518 Paulinus

182 3542 250 3603 loon
266 3540 405 3603 laudato:

348 3632 491 3687 suuntur
504 3639 575 3689 arete
581 3630 683 3709 sores,
705 3640 733 3685 et
742 3626 881 3707 postibus
894 3625 1093 3707 oscalafigr't,

349 3725 379 3771 et
391 3714 526 3773 Ιαονίηιὺ
538 3717 622 3796 rigat
634 3734 721 3773 omrse
732 3713 843 3785 solans,
862 3734 922 3791 pro
937 3712 1042 3771 limine
1054 3720 1158 3771 saneto

338 3799 438 3879 straus
453 3800 551 3860 hund.

185 3904 259 3945 nam
286 3884 544 3967 quemadmodum
570 3886 624 3967 qui
651 3882 951 3944 excommunicantur
971 3890 1002 3940 et
1022 3880 1060 3939 ab
1079 3880 1225 3940 eoolesiae
1243 3882 1295 3938 in-

184 3990 289 4050 gressu
317 3982 474 4047 arcentur,
511 3971 652 4031 dieantur
671 3990 693 4027 a
714 3967 869 4029 inminibus
892 3966 1032 4026 ecclessiae
1051 3966 1190 4044 separari
1212 3963 1294 4045 apud

184 4060 278 4115 Leon.
299 4058 469 4123 ostiens-8
491 4055 549 4133 43,
570 4060 652 4117 Petr.
672 4058 758 4114 niae.
779 4055 832 4113 lib.
853 4052 873 4115 4
896 4056 948 4126 32,
965 4053 1015 4127 57,
1030 4052 1081 4124 88,
1099 4048 1149 4125 94,
1165 4053 1238 4125 109,
1264 4060 1295 4109 es

187 4142 263 4201 elios
278 4146 407 4221 passim,
430 4145 472 4202 ita
486 4144 711 4223 peregrinantes
728 4138 909 4199 humilitatis
925 4138 1108 4217 maiorisque
1121 4138 1295 4195 veneratio-

186 4228 233 4286 nis
257 4231 373 4306 gratia,
395 4248 430 4290 aa
447 4230 671 4289 Paenitentiam
690 4229 802 4302 instar,
825 4227 856 4283 in
879 4225 952 4303 ipsis
974 4222 1130 4285 liminibus
1146 4222 1294 4282 subsiste·
