2792 4709
216 208 287 281 1³2
397 204 568 275 PETAVlI
590 204 646 273 ln
671 204 950 275 monitionum
972 204 1127 275 NOTAE.

213 384 362 436 ornatum.
406 371 489 457 quod
517 384 548 435 et
573 372 739 433 Miharirnn
766 390 891 433 annum
917 371 951 431 in
975 372 1080 433 notitia
1104 368 1245 449 dieitur,
1276 391 1327 430 re-

211 463 301 541 gione
317 458 338 523 4
356 460 443 541 cpot.

227 601 326 743 tDp·
347 577 390 645 ai
410 600 440 640 r.
462 580 515 643 20.
557 578 621 641 sois
652 574 836 659 Heluylor]
873 572 1078 655 Theophanes
1103 572 1170 656 (p.
1202 574 1271 640 372
1300 576 1325 631 c

210 687 227 725 Β
309 706 319 725 ο

285 804 327 935 21³⁷·
339 780 381 847 85
404 800 434 841 v·
449 778 482 845 l·
525 778 558 845 ἓν
571 773 682 845 τοότοο
698 773 891 860 βουλεύεται]
912 778 1026 838 factum
1038 776 1099 839 hoo
1114 798 1147 839 a.
1165 781 1323 840 Constan-

74 916 79 925 ·
209 869 266 929 tini
329 908 337 925 .
770 882 777 895 ·

293 986 335 1045 ib.
346 1006 375 1045 v.
385 988 438 1049 20.
479 978 541 1046 riui
556 980 589 1045 δὲ
600 978 655 1047 τόν
667 976 760 1047 ον’τδν
769 978 897 1064 καιρόν]
913 980 1117 1064 Theophanes
1130 984 1321 1065 (p.373n):

210 1076 253 1135 sot
273 1069 307 1135 δὲ
329 1066 410 1155 stirpi
432 1066 490 1132 tres
513 1064 649 1148 Νικηιοις
672 1066 691 1134 o‘
712 1065 915 1149 ψιοδοόννμος
930 1063 1117 1151 πατριάρχης
1139 1069 1198 1144 τοὶς
1226 1070 1264 1133 ἔν
1278 1076 1321 1155 τῇ
1378 1067 1380 1136 l

210 1136 410 1241 πάτριαρηείῳ
424 1148 544 1227 εἰκόνας
555 1160 611 1217 τοῦ
625 1158 736 1237 μιαροῦ
749 1156 905 1235 αικραίτοο
920 1159 976 1235 τῆς
990 1159 1139 1233 τροπικῆς
1153 1156 1320 1238 livione·
1378 1185 1379 1264 ρ

211 1246 285 1321 φίας
313 1240 408 1319 οὔσης
436 1236 634 1321 κατήνεγκεν,
668 1240 721 1301 καὶ
745 1244 807 1303 τοῖν
827 1244 942 1302 λοιπῶν
961 1235 1089 1302 εἰκόνιον
1108 1236 1150 1301 soi
1168 1236 1321 1319 apium
1378 1267 1379 1284 ³

209 1328 333 1409 ἔχρισεν.
378 1326 428 1384 hie
448 1336 563 1385 seoreta
585 1320 729 1407 προόδων
749 1320 830 1389 οἶκοι
851 1336 995 1383 vocantur
1010 1345 1028 1383 a
1043 1324 1241 1404 lhoeplroro,
1262 1324 1318 1385 hoe

207 1424 255 1474 est
275 1430 482 1494 processuum,
506 1430 581 1491 quos
602 1410 788 1492 προκέναοος
809 1422 890 1469 aetas
908 1411 963 1469 illa
985 1412 1155 1469 nominarit
1171 1422 1229 1469 aut
1242 1436 1318 1491 κρο-

206 1499 342 1572 ιιὲασους.
387 1516 464 1577 quae
480 1516 541 1555 vox
557 1506 620 1555 tam
631 1499 850 1575 processionem
862 1499 961 1575 ipsam
978 1515 1071 1577 quam
1087 1499 1259 1555 stationem
1276 1500 1318 1557 ai·

208 1584 341 1665 gnificat.
384 1586 487 1663 itaque
505 1576 673 1661 πρόκεοοος
693 1584 756 1644 τοῖν
777 1584 954 1664 Βλαχερνοῖν
970 1584 1002 1638 in
1019 1582 1112 1639 Alex.
1126 1579 1249 1641 Chron.
1265 1604 1317 1661 pro

209 1669 397 1742 suburbano,
420 1678 450 1725 et
471 1660 641 1748 πρόκεοαον
663 1660 869 1747 ποιήσασθαι,
891 1664 949 1726 hoo
970 1676 1016 1724 est
1032 1667 1212 1744 procedere,
1238 1666 1318 1747 apud
1380 1703 1382 1740 ρ

208 1751 430 1833 Theophanem
448 1761 478 1810 et
496 1753 584 1812 elios.
627 1754 820 1831 curopalates
836 1762 931 1811 oertos
947 1750 1011 1809 dies
1028 1755 1195 1832 quotannis
1210 1775 1318 1813 reeen-
1380 1767 1381 1774 ’

208 1850 269 1913 set,
293 1840 402 1919 quibus
422 1840 616 1917 imperatores
639 1848 726 1897 extra
748 1839 895 1916 palatium
916 1834 1119 1916 prooedebant
1143 1849 1179 1896 et
1201 1842 1238 1896 in
1262 1859 1318 1919 pa-
1380 1829 1381 1878 l

207 1922 348 1984 triarchio
370 1924 584 2004 pernoctabant
604 1925 637 1981 in
659 1923 803 1998 κελλίοις,
829 1918 888 1982 hoo
908 1933 954 1980 est
975 1923 1093 1981 cellulis
1117 1924 1318 2005 quibusdam.

208 2008 265 2069 hae
284 2020 353 2071 sunt
367 2012 492 2071 fortasse
506 2026 580 2089 quas
594 2002 732 2090 προόδων
745 2008 850 2082 οἴκους
861 2008 1062 2086 appellarunt.

279 2149 324 2207 rp·
338 2131 378 2191 86
392 2148 422 2184 v·
435 2130 465 2189 2.
508 2120 678 2205 ιιηροχόιου
691 2119 787 2205 ὕλης]
809 2145 901 2206 quarn
912 2128 1019 2185 Graeci
1029 2129 1251 2209 αηρογραφὶαν
1264 2150 1319 2187 ro-

207 2223 277 2273 oant
295 2211 346 2272 hio
367 2213 475 2292 opinor
495 2212 654 2292 expressit.
696 2208 768 2269 hino
784 2231 856 2269 rasa
871 2213 1165 2294 κεκηρογραφημένα
1179 2208 1319 2293 ηρόμαατ

206 2299 364 2466 misire
383 2295 465 2377 apud
483 2296 690 2374 Athenaeum,
711 2306 746 2355 ut
765 2297 934 2357 observavit
953 2300 1099 2377 interpres
1122 2297 1163 2357 ad
1180 2298 1318 2359 Theocr.

292 2502 333 2561 ib.
356 2522 386 2561 r.
404 2506 455 2567 10.
502 2499 549 2585 Ίη
570 2496 684 2585 ἑβδόμη
708 2500 894 2580 δνδιιιτιοῖνι]
915 2498 1119 2580 Theophanes
1142 2522 1172 2562 a.
1191 2508 1236 2569 23
1255 2506 1320 2564 Go-
1382 2477 1383 2482 ἵ

89 2586 188 2657 Ῥεε
205 2590 354 2669 pronyrui.
399 2608 494 2647 arrnus
516 2598 578 2645 erat
600 2584 712 2645 Christi
731 2588 812 2662 769,
834 2588 919 2666 cyclo
941 2588 1012 2646 solis
1032 2590 1092 2665 22,
1114 2588 1163 2647 lit.
1178 2589 1265 2649 dom.
1278 2596 1318 2668 A,

207 2676 291 2755 cyclo
305 2674 395 2731 lunae
411 2676 467 2751 10,
488 2670 600 2752 pascha
615 2672 730 2752 Aprilis
743 2674 774 2733 2.

290 2791 332 2849 ib.
348 2812 379 2851 v.
397 2798 447 2859 17.
491 2784 585 2876 όγδόη
600 2786 632 2854 δὲ
648 2790 833 2869 ἰνδιιιτιῶνι]
855 2788 1059 2871 Theophanes
1073 2812 1105 2872 p.
1118 2793 1187 2858 874
1198 2796 1241 2853 Β.

290 2948 347 3005 llic
368 2946 437 3007 finis
452 2943 595 3005 historiae
609 2940 786 3024 Nicephori,
809 2965 916 3025 quam,
937 2955 972 3004 ut
987 2947 1091 3006 sor-ibit
1105 2944 1257 3025 Photius,
1279 2946 1321 3006 arl

205 3034 317 3092 Leonis
338 3043 367 3091 et
387 3036 487 3091 Irenes
507 3034 627 3110 nuptias
646 3030 807 3109 perduxit,
834 3028 893 3089 hoc
921 3041 967 3090 est
991 3034 1183 3092 Constantini
1210 3053 1242 3109 a,
1264 3038 1318 3109 29,

206 3116 318 3179 Christi
330 3122 402 3183 769.
444 3136 499 3177 nos
519 3128 620 3175 tamen
640 3114 778 3175 eiusdem
792 3112 955 3195 Nicephori
969 3119 1177 3198 fragmentum
1191 3119 1319 3178 inseni-

205 3224 273 3262 mus
289 3202 371 3283 apud
383 3200 620 3282 Theophanem,
641 3203 674 3259 in
689 3199 791 3260 oodice
806 3202 917 3260 lllustr.
932 3201 1021 3261 card.
1037 3206 1187 3262 loieusae.
1235 3204 1319 3288 quod

206 3286 330 3369 quidem
353 3308 415 3346 non
437 3290 560 3346 alterius
581 3307 645 3346 esse
663 3306 756 3367 quam
774 3284 863 3345 huius
879 3286 1042 3367 Nicephori
1057 3290 1264 3350 manifestum
1278 3311 1318 3349 ex

205 3392 241 3431 eo
256 3370 407 3445 redditur,
431 3371 512 3452 quod
527 3382 556 3429 et
567 3370 736 3450 patriarcha
749 3392 766 3429 a
781 3370 970 3451 Theophane
982 3375 1158 3453 cpolitanus
1173 3380 1318 3457 appella-

204 3467 270 3533 tur,
293 3467 323 3516 et
341 3455 379 3514 de
397 3457 579 3535 copronymi
593 3458 778 3535 temporibus
792 3462 880 3537 quasi
891 3460 998 3519 ricinis
1014 3464 1105 3520 aetati
1118 3482 1195 3521 suae
1210 3465 1317 3545 loqui-

204 3554 270 3619 tur,
293 3562 362 3603 otuu
382 3544 424 3599 eit
444 3542 608 3600 nonnullos
622 3538 722 3600 adhuc
737 3545 912 3623 superstites
929 3564 1010 3620 esse,
1033 3550 1087 3627 qui
1103 3568 1122 3607 a
1139 3545 1316 3629 dysonymo

204 3629 259 3687 illo
276 3640 402 3708 tyranrw
417 3628 518 3707 aliqua
532 3629 662 3707 eorporis
676 3638 761 3707 porte
773 3630 904 3687 mutilati
917 3630 1046 3691 fuerant.
1089 3644 1122 3692 at
1134 3635 1263 3709 nullus,
1284 3646 1317 3692 ut

204 3716 290 3772 initio
308 3715 480 3786 statuimus,
503 3714 567 3773 eius
580 3716 712 3774 nominis
726 3712 913 3793 patriarcha,
935 3727 1055 3795 praeter
1066 3715 1150 3782 liunt
1162 3732 1316 3797 nostruin,

205 3800 389 3877 temporibus
404 3800 466 3859 illis
481 3802 607 3863 exstitit.
650 3797 683 3861 id
699 3800 905 3881 fragmentum
917 3804 1050 3865 tale-est.
