2792 4709
243 154 454 241 oumuus
478 158 522 223 m
547 156 822 224 mmcunms
846 152 1095 227 tcaoisnl.
1148 158 1218 231 141

56 221 58 272 l

54 349 59 388 r
97 316 165 387 ἐπ’
187 322 335 405 ὅμβονος
355 321 389 385 lv
407 325 447 403 τῆ
464 316 616 409 dysordrp
636 313 750 407 mdiu
769 320 925 471 laslpolp,
947 328 1096 389 maleleel
1110 323 1144 389 tn
1157 328 1218 389 raia

53 408 55 490 J
99 404 311 473 ἀνατολικῶν
331 412 431 490 μεροῖν
448 402 510 469 o‘rsd
532 406 706 488 Ἡρακλείου
736 413 793 473 sori
823 432 836 471 e
859 406 1035 489 οεβεοτᾶτον
1062 408 1217 491 βασιλέως,

53 514 54 519 ’
101 494 271 573 δηλοῦσαν
288 490 346 575 τήν
361 496 477 555 πτῶσιν
496 498 553 555 sori
569 483 711 570 Xooodov
729 492 780 556 sul
791 490 848 571 sris·
862 486 1060 575 ἀναγόρευσιν
1074 498 1214 576 Σειροὶοο

99 584 171 641 τοῦ
188 584 320 657 Περσῶν
340 576 495 657 βασιλέως.
537 581 668 637 lleraclii
689 580 804 638 litteras
827 577 951 638 exhibet
974 578 1089 638 ibidem
1112 592 1215 640 auctor

102 662 279 739 Chronici,
306 664 414 744 quibus
433 663 477 720 nil
499 664 590 742 plane
610 662 737 745 quadrat
757 666 854 744 aptius
876 675 928 725 eut
943 666 1052 725 melius
1065 663 1213 739 cohaeret,

103 768 213 830 quem
232 753 348 830 primae
364 767 518 807 acroaseos
532 752 653 808 initium
669 760 698 807 et
711 750 796 825 linis,
824 752 958 830 itemque
973 749 1120 809 secundae
1140 771 1213 810 con-

104 836 226 894 clusio.
269 834 383 893 diceres
397 832 533 893 Pisidam
551 838 642 893 totius
659 838 787 893 civitatis
801 838 923 894 nomine
936 837 1073 895 Heraclio
1088 856 1213 915 respon-

107 920 211 980 disse.
254 923 374 1001 itaqua,
403 921 431 978 si
443 938 493 977 me
504 917 606 993 audis,
626 918 702 979 haec
714 922 831 999 scripsit
846 919 948 979 Pisida
965 940 1043 981 anno
1060 940 1078 979 a
1095 919 1212 981 Christo

106 1016 189 1064 nato
206 1008 270 1071 628
286 1014 434 1079 exeunte,
467 1006 520 1084 qui
530 1007 563 1061 in
578 1007 619 1067 18
632 1008 718 1084 regni
731 1006 861 1065 Heraclii
876 1004 1000 1065 recidit:
1028 1025 1065 1066 eo
1080 1026 1213 1087 namque

108 1102 254 1169 tempore
267 1088 305 1149 de
318 1088 449 1149 Chosroa
460 1090 498 1147 ab
513 1087 620 1149 eodem
631 1091 771 1150 Heraclio
785 1094 916 1169 primmn
926 1092 1047 1151 subacto
1061 1102 1091 1151 et
1105 1089 1214 1150 deinde

108 1194 131 1235 a
148 1175 216 1234 filio
230 1176 316 1235 Siros
336 1176 492 1237 interiecto
507 1176 657 1255 cpolitani
680 1179 761 1235 cives
783 1178 922 1235 certiores
940 1177 1013 1235 lauti
1029 1187 1109 1237 eunt.
1151 1180 1214 1236 uti·

108 1280 191 1319 nam
206 1280 284 1341 quae
296 1259 399 1321 Pisida
421 1270 485 1319 tam
502 1259 625 1339 rapido,
653 1271 717 1319 tarn
741 1258 841 1331 striotd
863 1262 933 1321 stilo
952 1263 1085 1340 scripsit,
1106 1263 1214 1321 saltem

110 1344 281 1405 dilucidius
295 1357 325 1405 et
337 1348 459 1425 planius
474 1348 673 1425 explicasset:
702 1347 799 1405 fatear
814 1348 911 1421 enim,
941 1344 1022 1427 quod
1037 1348 1096 1405 nisi
1109 1344 1214 1406 Theo-

111 1430 235 1511 phanes
250 1432 362 1513 ubique
378 1432 477 1489 facem
490 1432 690 1510 praetulisset,
711 1434 816 1491 multis
831 1434 863 1489 ia
876 1433 951 1490 locis
966 1429 1111 1491 haesisset
1124 1451 1213 1512 equa,

111 1515 204 1597 quod
221 1520 320 1593 aiunt3
362 1518 475 1597 quippe
496 1527 629 1575 tortuosa
649 1527 680 1575 et
703 1518 857 1596 implicata
881 1518 1033 1595 allegoriis
1057 1527 1215 1575 occurrunt

111 1603 232 1678 multa,
261 1622 391 1684 quorum
404 1620 528 1662 uncum
540 1605 643 1663 statim
656 1605 777 1685 assequi
788 1603 877 1661 facile
891 1620 952 1663 non
966 1622 1031 1663 ersa
1045 1602 1213 1683 legentibus

112 1688 242 1766 patebit.

219 1940 274 2019 IN
305 1939 672 2018 flammam-:M
696 1936 1113 2017 ADNOTATIONES.

202 2130 342 2191 Aoaoss.
359 2135 376 2195 1
398 2152 428 2189 v.
448 2136 478 2195 l·
521 2128 570 2190 Ad
582 2132 695 2190 calcem
707 2128 847 2191 Ghmnici
861 2130 1014 2192 Paschalis
1022 2152 1058 2209 p.
1077 2131 1139 2193 598
1152 2130 1215 2193 727

117 2213 159 2277 15
177 2212 226 2273 ed.
240 2217 337 2275 Bona.
353 2227 474 2276 exstant
493 2217 611 2275 litterae
627 2218 665 2274 ab
677 2219 815 2277 Heraclio
829 2217 867 2276 ad
887 2219 1060 2298 cpolitanos
1076 2223 1144 2295 post
1159 2210 1215 2271 ds-

115 2302 231 2357 victum
245 2300 408 2361 (lhosroam
424 2305 545 2377 missae,
565 2305 599 2360 in
611 2302 720 2381 quibus
735 2304 907 2382 imperator,
929 2301 1010 2384 quod
1026 2299 1082 2359 deo
1095 2299 1215 2357 favente

116 2387 298 2463 contigerat,
326 2396 446 2462 narrat,
469 2390 608 2468 civesque
625 2385 763 2445 hortatur
776 2397 810 2447 ut
821 2408 877 2466 pro
889 2397 952 2446 tam
964 2403 1105 2466 prospero
1120 2400 1216 2461 expo·

116 2466 240 2530 ditionis
256 2472 294 2529 ab
309 2492 342 2531 se
361 2482 517 2552 susceptae
534 2481 643 2532 eventu
658 2482 737 2531 totos
751 2492 783 2531 se
802 2475 835 2530 in
853 2470 903 2531 dei
918 2470 1024 2531 laudea
1048 2466 1215 2528 effundant.

116 2572 171 2613 eae
183 2556 300 2615 litterae
311 2577 381 2615 oum
390 2556 511 2617 Pisidae
523 2559 647 2617 senariis
663 2558 864 2616 conferantur.

201 2646 233 2705 2·
275 2640 396 2701 Pisidae
409 2636 629 2724 doroododlooc
641 2640 690 2701 hio
703 2645 822 2701 vocanti
828 2644 935 2701 Persas
945 2638 1102 2720 plauderet
1112 2636 1213 2695 liben-

116 2728 231 2785 tissime
243 2726 380 2787 Thomas
391 2727 490 2808 Hyde,
505 2732 559 2808 qui
571 2732 604 2788 in
617 2728 694 2787 libro
709 2728 747 2787 ds
759 2728 848 2808 relig.
864 2739 922 2786 vet.
939 2728 1024 2785 Pers.
1038 2744 1095 2783 nec
1108 2718 1215 2801 dosoo-

117 2806 240 2889 ldrpee,
265 2832 364 2894 aeque
375 2809 599 2897 ποοσολᾶτρος,
628 2812 683 2872 sed
700 2806 924 2894 dmoodoslloar
942 2823 972 2871 et
988 2802 1216 2893 πνροοδούλονς

119 2895 313 2974 appellandos
325 2918 390 2958 esse
405 2898 575 2959 contendit:
601 2899 639 2959 ab
653 2902 737 2957 omni
750 2901 833 2957 anim
844 2898 1030 2957 idololatriae
1047 2894 1215 2973 suspicions
1261 2898 1263 2901 '

120 3000 171 3038 eos
191 2982 319 3041 Hberare
340 2994 497 3062 satagens,
519 2986 661 3059 δουλίας,
682 3004 744 3043 non
766 2986 902 3062 loroluc,
923 2981 1134 3049 veneram&
1153 2994 1216 3034 ¹¹⁰⁰

119 3064 300 3125 adomu'onis
318 3071 418 3147 specie
441 3070 556 3127 cultum
578 3067 786 3127 tantummodo
812 3070 932 3127 civilem
956 3068 1042 3125 astris
1068 3082 1119 3123 eos
1141 3060 1215 3121 olim

118 3150 306 3228 praestitissa‘
318 3163 347 3211 et
365 3173 448 3212 nunc
468 3172 589 3235 quoque
603 3164 755 3233 praestare
771 3152 918 3211 decernit:
939 3154 971 3209 iu
987 3168 1078 3230 quam
1092 3156 1215 3206 senten-

120 3238 192 3293 tiam
208 3239 328 3295 iverunt
348 3241 439 3297 etiem
451 3238 605 3297 Prideaux
618 3240 704 3297 Hist.
722 3237 793 3297 Iud.
809 3248 880 3297 tom.
901 3242 912 3300 l
928 3258 964 3316 p·
980 3236 1043 3299 215
1067 3243 1097 3291 el
1113 3233 1214 3289 Bem-

119 3320 233 3381 sobrius
254 3324 339 3380 Hist.
362 3324 504 3382 Mandela.
532 3335 604 3381 tom.
630 3327 647 3387 1
671 3345 708 3401 p.
735 3326 805 3388 173.
848 3342 954 3384 rerum
976 3320 1029 3400 qui
1053 3317 1215 3377 chosroam

120 3399 318 3487 dssoc'doolov
329 3405 381 3466 laic
392 3410 534 3487 appellat,
549 3427 624 3467 mox
634 3429 664 3467 v·
682 3406 723 3471 14
734 3402 945 3489 πυροολᾶοοην
959 3404 1086 3464 vocabit.
1105 3418 1215 3479 ergone

119 3490 176 3550 sibi
186 3510 249 3550 non
264 3502 378 3551 constat
390 3491 516 3552 Pisidal
558 3495 683 3553 minime
698 3512 788 3567 vero3
815 3492 870 3552 sed
887 3489 1043 3549 latendum
1058 3506 1128 3545 eum
1141 3486 1214 3547 doo-

119 3576 186 3638 ller
199 3596 218 3635 a
231 3580 352 3663 lorpes'p
363 3596 426 3637 non
440 3576 641 3658 distinguere,
668 3577 825 3637 aceodem
840 3577 930 3655 plane
943 3594 1033 3634 seusu
1045 3564 1215 3649 dosoo'dov-

119 3666 173 3723 toa
191 3670 223 3719 et
241 3655 444 3744 ἆονοολᾶτρην
466 3668 633 3744 accepisse,
662 3674 697 3721 ut
712 3665 765 3743 qui
782 3661 821 3720 ‹le
833 3663 993 3720 Persarum
1006 3656 1214 3737 superstitious

120 3746 195 3804 circa
210 3758 289 3805 astra
304 3756 335 3805 et
348 3750 453 3827 ignem
461 3754 640 3831 neutiquam
651 3746 818 3823 dubitaret3
847 3744 929 3828 quod
945 3764 986 3804 ex
1002 3746 1041 3802 iis
1057 3760 1133 3823 quae
1144 3756 1216 3817 pro-

120 3834 202 3889 xime
213 3842 383 3913 sequuntur
390 3834 509 3895 abunde
524 3845 617 3914 patet.

201 3918 235 3980 8.
277 3920 437 3997 Magorum
447 3917 563 3979 deridet
574 3920 733 3995 insaniam,
749 3936 878 4000 quorum
890 3914 1037 3976 vaticiniis
1050 3908 1215 3991 plurimum

122 3996 266 4063 chades
277 4002 400 4063 fidebat.
442 4004 513 4065 ride
528 4026 559 4065 v.
574 4003 616 4069 54
633 4016 663 4062 et
675 4024 756 4084 seqq.
843 4061 845 4071 ,
1347 4060 1348 4063 ,

202 4086 234 4149 4.
277 4090 342 4163 sol,
367 4090 459 4165 luna,
480 4092 560 4168 ignis
573 4093 734 4149 Persarum
747 4089 870 4147 firerunt
884 4085 1026 4156 numina,
1056 4076 1218 4159 dequibus

124 4189 209 4252 saepe
228 4174 261 4231 in
283 4176 456 4236 aeronibus
476 4176 514 4235 de
525 4175 643 4255 Enped.
662 4174 777 4236 dictam
795 4184 851 4233 est.
894 4169 994 4231 simila
1007 4163 1085 4226 illud
1101 4162 1220 4243 Virgilii
1345 4196 1346 4230 J
