2792 4709
516 189 721 258 acrossltt
745 191 771 259 1.
795 132 798 139 ¹
1119 196 1190 266 153

50 351 218 412 Dissert.
238 355 298 418 38:
327 348 444 435 Πέρσαι
471 351 527 436 μέν
551 358 613 438 πῦρ
634 351 753 439 ἄγαλμα
776 352 934 438 έφήριερον
954 351 1118 438 οῗιόρεστον
1137 359 1190 423 ιιαλ

54 427 272 520 ἀδηφάγον·
293 437 345 502 παλ
359 437 474 502 θύουσι
490 438 606 522 Πέρσαι
619 443 709 522 παρέ,
730 440 950 521 ἐπιφοροῦντες
962 437 1046 529 ciret
1059 439 1118 526 τήν
1129 469 1190 508 πο·

55 517 144 604 ρὸς
158 520 295 603 τροφήν,
315 522 498 607 incursent
515 517 597 610 “reric
614 523 744 590 δέσποτα
758 521 889 591 έσθιιῗ,
1133 527 1136 532 ’
1179 556 1181 561 ·

179 607 249 671 185.
292 609 404 688 Ephce.
422 615 442 675 2
462 615 514 679 20·
995 615 999 638 '

178 695 249 756 189.
291 693 437 754 Chosroes
447 698 651 754 Romanorum
663 698 801 774 regiones
813 717 876 756 uon
888 695 980 757 inodo
992 699 1120 776 spoliare
1132 699 1188 760 sed

59 780 183 836 etiam
194 780 264 855 igne
278 790 395 839 vastare
409 780 575 854 contendit3
598 779 678 862 quod
694 799 732 838 an
746 802 787 840 ex
799 785 893 841 animi
906 787 954 843 sui
964 783 1082 842 feritate
1095 804 1134 842 au
1147 805 1188 843 ex

58 883 187 921 vanae
207 866 360 943 religionis
382 869 528 946 principio
543 868 657 924 fuctum
671 867 778 942 fuerit,
798 871 911 928 nescio.
954 878 1070 927 constat
1084 881 1191 928 autem·
1216 929 1225 948 .

59 951 117 1006 in
141 968 227 1015 more
246 951 339 1010 fuisse
359 953 449 1009 etiam
463 951 542 1031 apud
558 962 673 1011 veteres
685 955 793 1012 Persas
813 964 847 1012 ut
872 973 959 1033 agros
977 953 1125 1034 urbesque
1136 958 1186 1013 iu-

62 1033 269 1093 cenderent:
298 1055 369 1094 nam
388 1039 522 1112 Xerxes,
544 1035 695 1097 Herodoto
716 1048 793 1096 teste
811 1037 866 1096 lib.
890 1043 962 1115 8p.
987 1037 1067 1111 474,
1091 1049 1185 1098 totam

63 1122 222 1178 Atticam
242 1123 366 1180 exussit.
410 1121 491 1203 quod
511 1124 570 1181 fuit
592 1125 624 1180 iu
641 1142 731 1182 causa
744 1133 780 1182 ut
790 1125 943 1183 Maximus
955 1125 1067 1202 Tyrius
1078 1127 1186 1186 Persas

66 1207 197 1263 acriter
216 1203 447 1285 reprehenderet
465 1206 514 1267 his
533 1207 650 1267 verbis:
674 1203 771 1289 τούτῳ
783 1213 825 1291 τῷ
836 1204 984 1290 α’γιέλματι
998 1207 1051 1269 ιιαλ
1063 1213 1108 1292 τῷ
1118 1215 1186 1294 &epi

64 1287 139 1352 uui
162 1287 219 1366 niv
239 1286 389 1372 Ἐρέτριαν
410 1287 564 1356 α’ναλοῖσοι
583 1289 731 1356 δεδώκατε
744 1292 796 1356 ιιαλ
807 1290 860 1368 τοὶς
871 1289 1011 1375 Ἀθήνας
1024 1285 1120 1368 αὖτοές
1133 1296 1186 1358 sul

64 1370 122 1438 vol
139 1367 249 1438 Ἰόνιον
263 1373 329 1458 ἱεροὶ
344 1376 397 1441 ecl
410 1373 446 1440 ed
458 1371 610 1458 Ἑλλήνων
625 1371 791 1459 ἀγάλματα.

175 1461 251 1524 193.
289 1457 460 1544 νοούμενον
483 1474 528 1523 est
550 1463 701 1544 quidquid
717 1475 813 1522 niente
828 1463 1000 1539 ,coneipsitur
1018 1472 1047 1518 ct
1062 1461 1120 1520 snb
1134 1466 1185 1524 ιὀ-

71 1545 286 1625 telltgenticm
305 1548 399 1608 cadit:
423 1551 582 1628 opponitur
602 1560 704 1608 autem
717 1555 780 1623 τοῖς
794 1545 956 1629 ὁρωμένοις
970 1558 1001 1604 et
1014 1546 1184 1626 αἰσθητοῖς,

70 1629 176 1688 rebue
196 1631 364 1692 visibilibus
384 1645 412 1692 et
435 1631 633 1693 semibilibus.
678 1637 782 1715 itaque
811 1631 963 1712 νοοομένη
985 1626 1066 1710 πύλη
1091 1645 1185 1712 porto

72 1714 313 1791 intellectualia,
332 1739 388 1800 per
402 1738 494 1801 quam
506 1739 643 1799 egressus
656 1730 701 1778 est
713 1719 884 1791 Heraclius,
906 1718 956 1775 vel
967 1727 1012 1776 est
1025 1721 1121 1797 pietas
1134 1721 1186 1778 vel

74 1805 251 1880 sapientia,
273 1805 324 1864 vel
342 1802 467 1864 tandem
486 1803 577 1883 deus,
600 1823 659 1887 quo
682 1803 758 1864 duce
780 1815 811 1865 et
828 1805 969 1864 comites
983 1812 1062 1862 recto
1076 1805 1184 1864 itinere

74 1887 224 1948 aberrare
238 1909 299 1950 uon
313 1893 419 1970 potuit.

172 1977 245 2038 200.
289 1974 397 2036 alludit
410 1974 449 2034 ad
460 1974 542 2036 diem
553 1978 685 2036 natalem
696 1977 827 2057 irnperii,
841 1977 894 2057 qui
905 1973 969 2034 dies
980 1971 1015 2039 ed
1026 1972 1184 2056 γενέθλιον

77 2059 263 2138 simpliciter
285 2059 345 2120 dici
369 2063 483 2122 solebat
506 2073 537 2122 et
553 2083 663 2143 magua
685 2067 821 2122 omnium
839 2060 979 2121 ordinum
994 2063 1183 2120 solemnitate
1280 2107 1286 2134 ,

77 2145 308 2220 celebrabatur3
330 2145 410 2206 unde
424 2145 582 2231 patriotice
595 2145 718 2212 έππιιιόν
732 2159 762 2208 et
775 2143 956 2229 γενεθλιαιιή
972 2147 1104 2226 θεωρία,
1126 2167 1184 2205 ne-

75 2230 180 2287 talicii
194 2229 261 2290 ludi
275 2233 428 2292 Circenses
446 2244 476 2293 et
491 2235 631 2294 natalicia
650 2235 818 2313 spectacula
834 2252 852 2291 a
867 2229 1056 2310 Theophane
1064 2253 1101 2310 p.
1122 2235 1183 2296 191

77 2325 114 2373 et
131 2317 192 2380 195
209 2329 427 2394 memorentur,
448 2337 525 2400 quae
539 2322 572 2376 in
588 2317 669 2376 diem
686 2323 724 2381 tt
740 2320 815 2375 Maii
826 2316 1009 2376 incidebant.

170 2404 244 2466 202.
287 2422 377 2484 saepe
391 2407 565 2463 Heraclium
576 2414 611 2463 ut
628 2400 775 2462 athletam
788 2411 1005 2480 repraesentat,
1028 2419 1064 2457 ac
1073 2399 1184 2458 nullibi

77 2503 159 2544 seue
174 2491 303 2566 apertius
317 2509 407 2570 quam
425 2487 477 2548 hic
492 2501 521 2548 et
535 2489 774 2570 insequentibus
786 2487 905 2546 iambis.
948 2488 1050 2566 itaque
1067 2482 1184 2543 inducit

77 2573 258 2632 Heraclium
271 2586 301 2634 et
312 2574 477 2635 Ghosroam
489 2577 584 2634 veluti
598 2579 676 2633 inter
692 2594 725 2633 se
740 2582 886 2632 certantes
906 2589 1011 2630 cumn:
1033 2568 1186 2628 theetnun

78 2658 148 2714 sive
168 2659 271 2718 circus
293 2671 338 2720 est
354 2673 433 2720 terra
454 2665 608 2736 universa,
630 2670 811 2740 spectatores
825 2668 895 2717 sunt
911 2660 1049 2716 omnium
1064 2655 1186 2714 urbium

78 2742 181 2817 cives,
201 2742 297 2804 iudex
312 2758 358 2806 est
373 2745 458 2806 deus.
501 2745 561 2806 huc
573 2747 687 2805 faciunt
700 2765 778 2826 quse
791 2743 926 2802 diximus
938 2761 1033 2820 supra
1045 2761 1075 2799 v.
1087 2740 1141 2804 51.

171 2828 245 2892 204.
288 2842 322 2891 ut
343 2851 495 2892 summum
516 2830 660 2892 athletam
684 2832 778 2890 fnisse
796 2831 970 2889 Heraclium
991 2825 1186 2900 demonstret,

78 2913 221 2994 quinque
242 2936 384 2976 cursuum
404 2920 455 2978 vel
476 2921 673 2978 certaminum
694 2918 850 2975 victoriam
867 2917 896 2974 ei
910 2914 1029 2972 tribuit:
1052 2921 1086 2970 ut
1101 2912 1185 2968 enirn

79 2999 296 3078 aritiquitatum
310 3006 469 3082 scriptores
481 3003 617 3078 tradunt,
639 3003 688 3062 illi
697 3004 776 3060 iuter
788 2998 916 3058 athletas
929 2997 1116 3055 habebantur
1127 3014 1183 3072 pe-

80 3085 239 3162 citissimi,
261 3090 314 3169 qui
335 3083 495 3172 πεντάθλῳ
516 3091 579 3148 sive
600 3089 733 3167 quinque
749 3087 947 3143 certaminum
954 3079 1116 3161 generibm
1128 3076 1184 3137 de·

78 3179 263 3247 certassent,
283 3172 426 3232 videlicet
440 3194 543 3252 cursu,
566 3173 661 3248 saltu,
684 3169 783 3246 disco,
804 3171 921 3244 iaculo,
941 3169 1040 3240 lucta3
1062 3185 1098 3224 ac
1110 3183 1184 3244 pro-

77 3251 156 3311 inde
174 3252 346 3322 πεντάθλου
366 3263 429 3318 sive
445 3258 527 3340 quod
541 3259 625 3318 idem
640 3267 685 3316 est
700 3256 937 3336 ροίιιριιενιίοπίο
948 3254 1016 3312 laus
1030 3261 1093 3310 tam
1107 3253 1184 3310 insi-

79 3341 153 3418 gnis
173 3341 254 3421 apud
273 3355 390 3404 veteres
409 3345 484 3420 fuit,
505 3356 540 3404 nt
562 3347 614 3426 qui
632 3347 666 3401 iu
687 3344 751 3402 illis
771 3344 905 3423 quinque
920 3337 1185 3398 exercitationibus

79 3427 266 3504 eminerent,
296 3427 462 3493 πένταθλοι
475 3430 525 3488 vel
538 3430 778 3510 quinquertibme
794 3426 973 3486 dicerentur.
1018 3442 1096 3504 quae
1114 3424 1185 3504 qui-

80 3508 156 3568 dem
170 3512 236 3573 laus
247 3525 311 3573 tam
325 3516 386 3574 late
399 3519 513 3595 patuit,
535 3526 569 3576 ut
583 3519 636 3598 qui
647 3515 750 3595 aliquo
760 3515 905 3573 virtutum
917 3529 1028 3590 genere
1047 3517 1184 3588 praesta·

78 3607 168 3671 rent,
186 3602 367 3660 translaticio
387 3599 553 3665 πένταθλοι
574 3600 807 3680 appellarentur.
850 3595 933 3679 quod
952 3594 991 3654 de
1010 3594 1183 3654 Democrito

79 3681 198 3740 dictum
217 3687 309 3744 refert
324 3689 475 3765 Diogenes
490 3689 626 3748 Laetum
641 3687 696 3744 lib.
712 3688 733 3747 9
754 3689 796 3748 37
804 3701 813 3741 ι
835 3681 879 3756 cic
893 3678 1055 3765 πεντάθλῳ
1072 3675 1183 3743 ἔοικεὸ

79 3761 271 3847 φιλόσοφος·
292 3769 344 3834 sel
358 3763 400 3852 ἦν
412 3770 453 3846 uic
465 3766 590 3852 ἀληθῶς
603 3771 637 3834 έν
647 3769 816 3854 φιλοσοφέᾳ
827 3767 1005 3838 πένταθλος.

168 3856 241 3919 205.
285 3850 479 3939 οἷντεγεέροιν,
505 3855 578 3916 hinc
603 3854 675 3916 inde
701 3855 823 3914 stimulo
840 3853 891 3912 vel
911 3851 1032 3930 flagello
1052 3848 1180 3907 incitans

80 3957 195 4018 equos,
228 3951 263 4001 ut
287 3945 319 4000 in
341 3943 449 4004 multis
470 3944 601 4025 antiquis
618 3941 822 4001 monumentis
843 3944 1103 4020 repraesentantur
1125 3951 1181 3990 au-

78 4045 104 4082 n
128 4045 175 4082 ae.

106 4043 128 4103 g
167 4113 241 4174 206.
283 4109 464 4195 παραβάτην
488 4124 567 4173 recte
588 4121 677 4172 vocat
695 4107 878 4184 Ghosrcsm,
908 4118 976 4168 tum
1001 4103 1083 4186 quod
1105 4103 1182 4181 legis

80 4195 258 4256 violatorem
275 4199 460 4278 par-alatam
478 4193 625 4262 vocabant
638 4197 762 4273 Graeci,
783 4205 818 4256 ut
830 4193 1055 4257 observavimus
1068 4189 1106 4251 de
1117 4190 1182 4248 leic-
