2792 4709
162 206 368 277 nmnmn
392 206 451 275 na
475 206 510 275 s.
533 206 689 278 corma
714 170 1060 283 commutamus.
1114 212 1186 287 157

78 380 165 443 ναοῦ
174 378 278 457 ipsum
288 366 365 439 sads
376 392 432 434 sau
443 368 571 435 chorum
581 373 712 456 intelligi
724 376 883 439 obserrant
895 378 953 439 riri
967 374 1058 439 docti.
1087 394 1106 438 a
1120 375 1187 439 dia-

80 463 320 608 i⁰¹¹³⁰⁰fmi⁵'i'’
364 457 810 625 limittit
832 484 886 567 ¹²5¹
899 465 1015 524 ⁸⁰¹²⁸¹²¹
1027 474 1188 611 Ἢ

79 568 166 694 icil-’ds
193 564 754 711 soledeoeobrersarentur)¹:ergroiude
783 568 1044 714 Peprpppzpupp
1059 570 1188 717 ροιιῗιιι,

80 740 165 802 quae
185 719 274 777 bema
288 735 307 775 a
320 719 386 803 supi
400 718 522 796 proprie
537 726 659 798 sumpto
678 715 860 798 disparabat.
904 730 995 802 atqua
1018 719 1096 780 haeo
1117 730 1189 781 suut

79 825 163 886 quae
181 802 220 862 de
235 800 310 861 aede
324 800 479 881 Sopbiana
490 804 620 883 sparsim
633 801 716 886 apud
731 805 891 887 scriptores
900 826 959 889 per
973 806 1116 889 temporis
1130 826 1189 866 aa·

78 893 218 970 gustiam
231 888 388 951 observare
399 888 498 950 licuit.

237 1432 588 1548 ANSELMI
638 1438 1033 1550 BANDURII
1203 1469 1297 1529 aru

75 1652 127 1711 ns
148 1646 434 1713 scarrroars
453 1651 669 1712 suessan
687 1653 749 1712 nn
770 1652 1185 1729 surronrrarreus

488 1768 779 1832 crourrrurs

324 1919 778 1999 LIBRUM
852 1921 940 2011 le

142 2088 276 2178 uer
314 2088 409 2177 nn
452 2089 656 2179 Anna
702 2086 1120 2203 sororius,

308 2324 315 2339 -
384 2283 882 2357 COMMENTARIUS.

77 2480 315 2595 Angustissimi
333 2516 367 2581 S.
386 2515 519 2598 Sophiae
538 2519 647 2600 templi
666 2520 734 2595 GP,
765 2538 784 2578 a
807 2519 973 2579 lustinisuo
994 2520 1038 2579 Μ.
1059 2518 1184 2581 infinitis

77 2602 251 2681 sumptibus
275 2601 406 2679 conditi,
427 2606 643 2685 quamplurimi
662 2624 705 2665 ex
726 2606 919 2685 scriptoribus
936 2606 1109 2687 Byzantinis
1128 2603 1185 2664 de·

78 2689 276 2767 scriptionem
298 2686 432 2747 edidere.
475 2698 507 2749 at
519 2700 554 2749 ut
569 2692 677 2751 missos
692 2690 805 2751 iseram
819 2702 976 2771 scrrptoras
990 2692 1059 2751 rlloa
1074 2708 1126 2773 qm
1145 2690 1184 2751 de

76 2784 228 2833 structura
247 2770 332 2832 aedis
350 2772 383 2833 S.
395 2772 529 2854 Sophiae
541 2776 639 2835 obiter
648 2785 829 2851 tractarunt,
851 2778 1014 2857 Procopius
1030 2780 1084 2858 qui
1097 2774 1184 2837 aedi-

76 2858 146 2916 ficia
160 2876 181 2916 a
194 2860 360 2917 lastiniauo
374 2860 418 2917 Μ.
433 2863 564 2921 excitata
578 2862 746 2921 luculenter
758 2861 843 2922 libris
856 2872 923 2923 octo
937 2872 1082 2936 recenset,
1103 2862 1183 2923 libro

75 2946 145 3025 ipso
158 2945 258 3023 primo
272 2964 299 3003 c.
316 2946 336 3007 1
352 2942 390 3004 de
405 2944 489 3006 aedis
502 2944 674 3027 Sophianae
690 2958 837 3007 structura
854 2951 932 3028 egit3
956 2951 1008 3029 qui
1030 2948 1101 3007 licet
1118 2968 1182 3007 nou
1226 2974 1231 2987 ·

76 3032 122 3087 ita
134 3030 242 3088 multis
256 3027 295 3088 de
309 3047 344 3087 ea
357 3031 483 3107 scribat,
505 3042 639 3091 attamen
659 3036 731 3114 quia
750 3034 908 3093 Iustiniani
924 3033 1108 3113 temporibus
1121 3034 1181 3091 flo-

76 3114 181 3188 rebat,
209 3117 275 3173 inre
299 3117 408 3174 marito
433 3114 492 3176 hac
512 3118 545 3175 in
570 3138 602 3176 re
622 3120 702 3176 inter
722 3120 881 3198 scriptores
901 3118 1017 3177 solutae
1039 3119 1183 3177 orationis

75 3202 249 3280 principem
270 3200 372 3260 locum
394 3209 487 3261 tenet.
530 3202 606 3261 altar
623 3213 669 3262 est
686 3202 770 3261 illius
787 3204 854 3262 aeri
868 3204 993 3283 scriptor
1012 3222 1065 3263 seu
1082 3208 1182 3283 poeta,

75 3286 194 3344 Paulus
207 3287 353 3343 nimirum
365 3286 572 3365 Silentiarius,
593 3290 647 3369 qui
666 3290 798 3347 carmine
812 3285 936 3349 heroico
952 3297 982 3347 et
996 3289 1183 3369 pereleganti

75 3370 229 3452 ἔιφρασιν
246 3372 355 3450 templi
375 3370 408 3431 Β.
428 3370 561 3453 Sophiae
582 3377 734 3449 exararit3
758 3375 811 3455 qui
829 3392 901 3433 sane
921 3375 1045 3453 scriptor
1064 3376 1184 3453 praeci-

75 3475 173 3536 puam
185 3458 294 3515 mareri
306 3454 431 3516 laudem
442 3456 563 3517 ridetur
574 3477 609 3516 ac
620 3457 930 3535 commendationem,
954 3468 988 3517 ut
1006 3462 1048 3518 ait
1060 3460 1185 3518 Ducan-

76 3543 147 3621 gius
169 3542 203 3599 in
227 3540 427 3621 praefatione,
449 3541 532 3626 quod
547 3553 665 3623 praeter
680 3546 848 3603 carminum
862 3545 1042 3623 elegantiam
1060 3562 1185 3604 accura-

75 3637 142 3685 tam
162 3628 368 3705 augustissimi
386 3630 495 3710 templi
514 3626 746 3709 descriptionem
762 3632 876 3710 vixque
896 3629 1109 3691 oculatioribus
1124 3628 1185 3689 ha·

74 3722 185 3771 cimus
196 3712 382 3771 intellectam
393 3715 482 3774 nobis
494 3724 708 3794 repraesentet.
750 3718 833 3773 euim
847 3734 920 3774 vero
937 3734 1000 3774 uon
1016 3714 1138 3775 defuere
1152 3726 1184 3775 et

74 3798 289 3880 subsequentis
310 3801 377 3858 aeri
395 3802 571 3879 scriptores,
600 3802 654 3881 qui
672 3797 711 3858 da
732 3797 816 3860 aedis
838 3798 1010 3881 Sophianae
1036 3810 1183 3861 structura

74 3884 211 3961 integros
236 3894 379 3944 uerutus
406 3888 570 3964 scripsere,
603 3883 737 3945 cedinus
764 3886 895 3962 scilicet,
923 3888 1054 3946 incertus
1080 3894 1184 3944 auctor

74 3968 331 4046 Combelisiaans,
352 3988 388 4028 ao
407 3972 499 4030 ceteri
520 3971 678 4050 Originum
694 3972 743 4029 GP
759 3972 917 4051 scriptores
935 3968 1051 4031 inediti.
1093 3972 1127 4028 in·
1143 3972 1183 4030 lis

73 4064 181 4112 antam
201 4057 369 4135 principem
391 4056 494 4116 locum
517 4065 601 4116 tenet
622 4058 801 4135 anonymus
820 4066 938 4131 noster,
970 4057 1033 4115 sire
1051 4063 1181 4115 aetatem

73 4156 137 4219 qna
163 4142 322 4220 scripserat
342 4142 405 4202 sire
426 4138 563 4201 ordinem
586 4160 622 4199 ac
642 4138 832 4219 diligentiam
846 4160 906 4223 qua
920 4150 1115 4200 monumenta
1129 4160 1181 4201 re-

73 4235 179 4287 censet
190 4234 319 4307 spectes.
359 4245 459 4311 nequa
471 4227 531 4289 soli
540 4229 700 4310 scriptores
713 4227 820 4290 Graeci
835 4224 919 4290 aedis
935 4223 1106 4312 Sopbieuae
1121 4224 1177 4287 de-
