2792 4709
207 228 281 299 1oo
349 194 354 205 '
671 214 841 289 rursm

206 402 305 453 cetam
321 386 454 449 terrestri
468 386 591 465 itinere,
612 406 683 447 cum
695 389 835 469 pactlom
849 385 905 447 illa
915 397 950 448 nt
963 384 1020 468 qui
1029 384 1114 467 prior
1125 385 1316 467 pervenisset

205 476 369 557 imperium
395 475 560 549 obtineret,
589 477 711 535 tameui
735 473 983 555 adstipulatum
1000 470 1093 533 lssbst
1112 491 1190 531 curn
1210 469 1318 531 Theo-

207 561 308 646 phane
331 560 386 643 (p.
404 556 467 624 249
486 558 534 639 Α)
555 562 723 637 zonarum,
751 563 806 621 vix
826 569 872 619 est
888 569 923 619 ut
943 556 1074 619 credam.
1116 576 1219 639 quarn
1239 560 1319 615 enim

206 646 334 710 ridicula
351 648 472 706 Nicetae
491 642 640 705 conditio!
664 647 714 705 oui
727 666 782 727 per
793 646 966 727 squalentes
981 663 1188 725 arenosoaque
1207 654 1320 701 tractus

207 734 324 795 infinito
344 729 562 811 propemodum
580 733 705 793 circuitu
721 730 852 811 petenda
865 730 968 809 Opolis
980 730 1056 804 hut,
1076 732 1138 788 nisi
1152 727 1245 787 hunc
1259 730 1320 787 for·

207 822 296 881 tassia
308 837 370 877 non
382 820 415 875 in
431 816 534 877 Africa
547 828 612 877 turn
625 818 736 892 inisse,
756 816 811 877 sed
826 814 1013 875 Alexandria
1031 816 1210 894 profectum
1231 812 1319 873 dixe-

207 907 260 965 ris.
302 921 408 961 verum
431 922 470 961 ue
493 906 537 964 sic
559 902 683 985 quidem
702 906 767 963 sina
788 903 916 962 navibus
937 902 1044 961 urbem
1062 898 1149 959 adire
1169 903 1319 979 potuerit.

207 986 292 1050 addit
314 984 520 1069 Theophanes
545 990 665 1049 Octobri
683 1008 788 1049 manse
808 989 934 1048 solvisse
953 986 1129 1047 Heraclium
1144 1004 1190 1043 ex
1202 986 1318 1059 Altior,

206 1093 296 1149 anno,
318 1085 352 1133 ut
362 1084 458 1153 putat,
480 1076 517 1133 ab
531 1074 601 1134 orbe
614 1071 734 1134 condito
748 1074 842 1149 6102,
865 1070 975 1132 Christi
986 1090 1057 1131 vero
1069 1072 1144 1145 602,
1163 1071 1279 1129 Octoh
1290 1069 1318 1145 l,

205 1160 282 1221 feria
298 1162 336 1235 2,
357 1158 464 1219 indict.
480 1162 530 1225 14.
572 1179 679 1221 rerum
691 1180 753 1219 uon
768 1156 901 1219 secunda
913 1158 1007 1233 ieris,
1031 1155 1085 1217 sed
1095 1158 1202 1236 prima
1217 1158 1317 1235 potius

205 1244 299 1305 fuerit
321 1245 456 1305 Octobris
476 1254 597 1326 quarto,
620 1246 703 1325 cyclo
723 1244 845 1320 salisb,
865 1246 953 1303 litera
966 1241 1097 1304 dom-ll.
1142 1240 1317 1301 emendan-

207 1328 265 1391 dus
284 1330 377 1409 igitur
397 1350 437 1389 ex
454 1328 660 1389 Alexandrino
678 1326 842 1404 Ohronico,
864 1326 948 1411 quod
961 1347 1058 1409 nuper
1071 1330 1109 1387 lt.
1123 1328 1161 1386 Ρ.
1174 1327 1316 1386 liederus

115 1414 192 1475 1²59
207 1426 311 1477 noster
331 1414 436 1475 edidit.
481 1418 565 1475 cuius
584 1412 659 1475 haec
676 1415 769 1475 rerba
784 1425 872 1475 sunt:
894 1409 990 1498 τούτῳ
1004 1416 1049 1497 τῷ
1064 1412 1123 1475 ἔτει
1143 1410 1186 1491 (8
1199 1415 1317 1472 stillost

204 1498 343 1581 Phocea)
368 1500 606 1585 ὖιιιρβεριιιιίρι,
634 1496 712 1563 sard
728 1499 890 1581 Ῥωμαίους
906 1493 1080 1582 Ὀιιιωβρίρι
1099 1492 1137 1579 y',
1160 1496 1319 1561 lvdsssssi·

205 1610 260 1663 voc
278 1580 327 1661 sd‘,
347 1582 448 1671 ἡμέρᾳ
464 1582 497 1661 ζ’,
519 1580 745 1666 ricopolim-stus
764 1590 856 1649 cteta
874 1580 966 1648 isauri
977 1578 1054 1648 moi
1068 1578 1104 1645 sd
1117 1577 1318 1668 Στρογγύλη

204 1668 382 1751 torrilias,
412 1671 445 1737 tv
470 1665 517 1745 οἷς
537 1662 579 1751 ἦν
600 1670 652 1735 ssi
672 1662 845 1751 Ἡράκλειος
871 1668 890 1735 ὅ
913 1664 979 1743 υἱός
1000 1666 1187 1748 Ἡρακλείου.
1247 1688 1317 1747 ergo

205 1756 342 1819 Octobris
358 1760 396 1832 8,
418 1756 493 1815 feria
515 1760 535 1820 7
556 1757 688 1816 Heraclii
708 1758 811 1817 classis
832 1756 950 1836 appulit
966 1752 1007 1815 ad
1018 1752 1179 1815 castellum
1193 1756 1316 1813 Rotun-
1376 1777 1378 1832 ᾗ

205 1840 291 1902 dum.
345 1852 376 1900 at
395 1838 600 1921 Theophanes
621 1848 714 1905 selcia
732 1836 952 1920 κασιιλλόμινα
970 1850 1073 1916 vocat,
1105 1837 1167 1898 hoc
1188 1851 1257 1916 est,
1284 1850 1318 1897 ut
1376 1844 1378 1898 ἓ

203 1930 317 1989 Patrius
341 1928 491 1987 Diacouus
515 1926 592 1991 1.18
616 1925 765 2002 reddidit,
785 1926 959 1987 castellatos
978 1928 1043 1987 sire
1063 1926 1191 1985 usnitcs
1207 1946 1314 1985 muas.

204 2011 331 2096 proinde
350 2012 486 2073 Octobris
502 2022 608 2093 quarto
622 2013 680 2073 fuit
693 2014 769 2073 feria
784 2016 893 2093 prima.

288 2116 320 2176 p·
335 2092 357 2158 4
370 2116 400 2156 v.
415 2096 445 2160 5.
489 2091 612 2177 deipsis
625 2092 856 2179 niqpss‘ucvtee]
873 2099 951 2156 forte
963 2098 1121 2175 stotapro
1134 2095 1220 2157 nist
1242 2114 1316 2153 narn

204 2184 362 2264 πληρῶσαι
377 2182 520 2262 aliquem,
542 2202 597 2263 pro
611 2202 648 2243 eo
664 2182 747 2265 quod
759 2194 805 2245 est
818 2188 965 2244 iustruere
979 2182 1083 2261 copiis,
1103 2180 1244 2240 insolens
1259 2192 1314 2257 est,

203 2268 265 2328 uisi
280 2268 465 2327 accusativus
478 2266 684 2329 subaudiatur.
1376 2268 1378 2398 ρ

288 2350 329 2411 ib·
344 2372 374 2412 v·
387 2356 420 2419 9.
462 2347 621 2435 εὔπλοΐας]
644 2351 727 2435 quod
740 2350 780 2411 ad
792 2353 929 2413 Nicetam
942 2360 1072 2431 spectat,
1094 2345 1168 2409 ride
1180 2369 1261 2409 narn
1275 2347 1313 2408 de

205 2457 242 2500 ao
257 2436 431 2518 accipianda
444 2441 505 2499 sint
519 2437 579 2500 duo
592 2442 646 2499 illa
661 2437 790 2501 disticha
802 2458 880 2521 quaa
894 2448 966 2499 sunt
978 2434 1104 2497 Anthol.
1118 2432 1179 2499 tt
1196 2455 1224 2493 c.
1239 2439 1271 2499 1.
1376 2401 1378 2516 Ῐ

288 2522 330 2583 ib.
355 2543 385 2584 v.
408 2524 459 2587 10.
504 2526 641 2605 Κρίσπος
661 2524 711 2606 δέ]
733 2523 806 2583 huic
826 2524 1022 2585 Domentiam
1043 2520 1140 2581 filiam
1161 2522 1314 2600 tyrannus
1376 2545 1377 2558 ι

204 2626 333 2669 uxorem
360 2606 500 2684 dederat,
531 2629 623 2691 quem
641 2612 803 2691 patricium
821 2621 852 2669 et
872 2611 1013 2669 comitam
1034 2608 1251 2667 excubitorum
1270 2610 1316 2665 ait
1376 2591 1377 2646 i

203 2694 298 2753 faisse
317 2690 532 2773 Theophanes.
576 2695 614 2755 de
632 2697 834 2778 appellatione
847 2698 915 2775 ipsa
928 2714 1000 2755 cum
1011 2692 1138 2753 mirifice
1150 2695 1314 2771 scriptores

204 2776 375 2857 discrepent
409 2778 567 2859 (Priscum
588 2784 670 2841 enim
692 2780 913 2860 Theophanes,
942 2783 1093 2854 Zonaras,
1121 2776 1314 2858 Nicephorus

203 2864 329 2924 callixti
348 2865 460 2945 aliique
477 2866 672 2947 nominant),
695 2886 751 2947 ego
767 2867 906 2948 Crispum
923 2884 993 2926 oum
1006 2875 1108 2923 nostro
1120 2883 1157 2923 ac
1172 2862 1313 2923 cedreno

203 2960 235 3010 et
259 2950 389 3029 Georgia
416 2951 558 3030 Syncello
587 2950 811 3012 rescribendum
831 2964 914 3031 puto.
957 2953 991 3009 in
1010 2948 1137 3010 Anthol.
1156 2951 1182 3007 1.
1202 2946 1226 3013 4
1245 2952 1314 3029 epi·

203 3054 339 3115 granma
357 3034 512 3118 quoddam
530 3048 629 3099 exarat
648 3040 691 3112 εἰς
707 3034 810 3101 εἰκόνα
823 3038 982 3121 Κρίσπον,
1007 3055 1067 3117 quo
1085 3038 1191 3115 ipsum
1209 3055 1231 3093 a
1244 3055 1314 3093 sna-

204 3122 377 3202 gniiicentia
406 3121 576 3205 praedicat,
616 3134 646 3183 et
673 3124 861 3205 amplissima
888 3140 1027 3205 quaeque
1056 3120 1095 3179 ab
1126 3122 1311 3201 imperatore
1376 3125 1377 3130 ’

202 3218 301 3269 rorat.

287 3290 329 3351 ib.
373 3288 504 3373 ὁπηνίκα
521 3290 572 3374 di]
595 3291 633 3352 de
652 3294 802 3352 sententia
823 3290 1043 3401 propemodum
1058 3300 1197 3351 constat:
1220 3292 1311 3351 rerba

200 3376 267 3459 ipsa
280 3374 450 3456 depravata.
493 3377 564 3436 vide
578 3398 616 3437 au
628 3398 736 3438 rerum
750 3381 835 3442 sitta
848 3379 956 3457 metm
969 3375 1013 3441 tii·

287 3457 329 3519 s'b.
345 3479 374 3519 v.
392 3462 443 3523 12.
487 3458 530 3536 ὥς
544 3459 583 3540 δή
598 3462 860 3544 παρυβρισμένος]
883 3464 1008 3543 contigit
1021 3459 1081 3522 hoo
1096 3479 1126 3519 a.
1139 3457 1266 3520 Phocea
1280 3463 1308 3532 5,

203 3541 315 3605 Ohristi
327 3544 398 3609 607.
440 3542 511 3605 vide
527 3548 677 3606 Zonaram
689 3561 721 3607 et
733 3546 967 3629 Theophanem.

285 3626 328 3687 ih.
345 3649 375 3689 v.
392 3627 442 3694 14.
483 3631 517 3695 oi
531 3636 593 3695 saio
610 3626 780 3698 ἐπιθέτων
791 3630 974 3715 χρωμάτων]
993 3630 1137 3691 Prasino·
1152 3630 1309 3709 intelligit,

201 3716 256 3795 qui
272 3712 391 3776 Phocea
407 3716 494 3777 initio
512 3718 649 3779 laverant
661 3730 692 3778 et
705 3718 746 3778 ad
758 3717 954 3780 obtinendum
972 3718 1136 3797 imperium
1155 3713 1309 3776 adiutores

198 3800 337 3860 fueraut:
357 3798 413 3861 sed
432 3812 536 3881 postca
551 3806 765 3866 contumeliose
779 3808 813 3865 in
827 3825 898 3865 eum
909 3805 1008 3863 multa
1019 3802 1160 3863 facerunt
1173 3812 1207 3861 et
1219 3800 1309 3861 dixe·

199 3894 286 3961 runt,
305 3889 339 3945 in
361 3904 472 3967 eosque
495 3891 628 3950 vicissim
649 3902 796 3971 tyrannm
818 3893 903 3951 omni
922 3891 1048 3951 saeuus
1064 3884 1235 3949 bamhatns
1254 3898 1308 3947 eat.

198 3972 302 4030 scribit
323 3970 529 4050 Theophanes
543 3994 572 4034 a.
587 3974 699 4037 Ohristi
710 3980 773 4043 609
787 3976 977 4036 circensibus
991 3972 1072 4035 ludis
1088 3970 1168 4033 haec
1184 3976 1223 4033 in
1239 3994 1308 4033 eum

196 4056 499 4134 recenseremus,
521 4054 615 4123 πάλιν
635 4063 680 4138 εἰς
700 4059 753 4126 ads
774 4065 891 4125 musas
914 4060 1010 4135 tane,
1030 4054 1126 4121 sius
1147 4054 1207 4121 eds
1230 4064 1309 4123 νοῦν

198 4131 363 4212 iudicare.
404 4138 531 4218 horest,
548 4155 583 4204 ut
593 4148 805 4228 interpretatur
816 4149 979 4220 Iliaounns,
998 4143 1309 4222 margareta

198 4218 311 4292 mitiis
337 4226 448 4285 iterum
468 4246 589 4289 esuum
605 4233 777 4311 passum.
821 4232 932 4315 quibus
951 4232 1093 4291 incensus
1112 4228 1169 4287 ille
1190 4230 1308 4289 multos
1376 4273 1378 4300 ,
