2792 4709
506 197 712 268 lCROASIN
736 199 761 266 Ι.
1126 197 1197 272 145

77 389 160 430 rann
192 387 315 450 corpora
338 366 569 449 torquebantur,
611 365 850 428 extendebantur
882 365 1195 456 discerpebanturque.

78 455 161 516 vide
177 457 352 516 Gallonium
360 475 397 533 p·
415 457 467 518 33.

179 571 233 637 46.
277 575 347 632 citat
362 568 577 632 huncversum
600 591 668 631 cum
686 574 838 652 superiore
853 573 963 634 Suidas
977 575 1009 635 in
1023 599 1054 636 v.
1068 574 1198 658 ἄχειρας,

82 667 259 738 monetque
278 665 399 740 potitam
422 657 459 716 de
480 656 628 717 Chcsrcae
651 657 826 716 cmdelitate
849 679 948 738 agere.
990 665 1075 722 nulla
1095 676 1199 724 autern

84 746 225 804 occurrit
241 747 385 819 varietas,
412 745 475 802 nisi.
487 742 568 824 quod
581 747 614 802 in
628 741 722 803 Suida
737 747 820 802 venit
832 744 979 823 legendus
992 751 1123 828 primus,
1146 752 1200 830 qui

84 833 123 888 iu
139 829 247 889 Pisida
263 840 308 889 est
322 827 482 888 sectandus.
515 849 683 930 'perperam
698 832 843 888 Kusterus
864 851 918 909 pro
944 835 983 894 οὗ
1001 835 1090 914 βαρεῖ
1108 855 1199 915 repo-

86 913 234 973 nendum
255 917 372 995 putavit
394 917 569 994 σοβαρευει,
599 926 784 994 repugnante
804 935 926 993 prorsus
941 929 1037 978 metro
1054 930 1084 977 et
1098 940 1199 979 seusu.
1300 939 1307 946 ·

87 1021 152 1058 nec
175 1003 273 1079 magis
292 999 498 1080 probaverim,
533 998 614 1081 quod
637 1000 737 1059 eidem
759 1003 886 1060 Kustero
904 1001 1081 1081 placuisset,
1111 1016 1146 1064 ut
1167 1009 1201 1064 in

88 1107 187 1144 versu
202 1088 349 1166 superiori
368 1105 423 1166 pro
448 1079 562 1171 ἑκάστῳ
584 1097 684 1146 contra
708 1084 846 1145 codicum
864 1086 956 1146 fidem
972 1090 1109 1169 legamus
1127 1083 1201 1154 ted-

88 1189 184 1236 στων.

182 1261 236 1337 61'.
282 1265 441 1354 oadpparu
453 1285 522 1335 suut
536 1275 644 1334 limites
664 1296 699 1334 ac
713 1278 834 1334 termini
847 1274 936 1336 stadii
949 1275 1039 1336 fossis
1053 1278 1202 1358 vallisque

90 1370 194 1418 terrae
213 1359 380 1438 designati,
401 1365 480 1420 intra
497 1380 572 1442 quos
592 1383 696 1422 cursus
711 1361 822 1421 fiebant
839 1365 872 1420 in
891 1363 995 1438 Circo3
1024 1360 1105 1422 unde
1123 1362 1203 1422 illud

92 1443 241 1524 adagium
256 1443 334 1528 ὑπὲρ
350 1444 387 1508 acl
404 1441 561 1526 σκάμματα
575 1449 687 1528 πηδᾶν.
729 1449 892 1507 maluimus
912 1449 1041 1506 aliorum
1059 1451 1202 1527 exemplo

92 1533 246 1590 Graecam
261 1551 365 1590 rocem
382 1535 509 1591 retinere
529 1552 621 1613 quam
635 1534 694 1592 alia
707 1537 768 1608 uti,
800 1552 878 1614 quae
895 1533 1036 1592 vocabuli
1056 1537 1120 1592 rim
1139 1553 1202 1592 non

93 1619 292 1694 exprimeret.
335 1617 454 1692 Pisida,
487 1629 521 1676 ut
540 1615 675 1693 ridetur,
702 1621 735 1676 in
754 1619 940 1697 amplissimo
956 1615 1075 1677 theatro
1094 1618 1202 1678 muudi

94 1711 247 1761 certantes
261 1699 376 1760 inducit
388 1704 562 1762 Heraclium
576 1713 606 1761 et
622 1700 797 1778 Chcsroam,
820 1705 938 1762 coelum
950 1714 1120 1785 terramque
1132 1725 1204 1784 spe-

95 1796 228 1846 ctatores
247 1788 337 1863 facit,
368 1785 500 1847 iudicem
523 1799 553 1848 et
574 1789 718 1848 arbitrum
742 1787 834 1848 deum
853 1792 1020 1864 constituit,
1050 1793 1134 1848 cuius
1148 1790 1205 1848 be-

96 1875 248 1950 nignitate
266 1883 296 1932 et
309 1873 412 1934 favore
427 1875 543 1932 factum
561 1885 606 1933 est
627 1886 659 1933 ut
677 1877 772 1933 nirnia
787 1877 955 1933 temeritate
975 1894 1152 1954 procurrens
1173 1885 1204 1934 et

97 1963 245 2017 terminos
261 1959 431 2037 transgredi
444 1958 626 2018 contendens
643 1957 790 2019 Chosroes
803 1962 836 2018 in
850 1956 1018 2039 σκάμματα,
1039 1962 1072 2017 in
1081 1960 1203 2038 fossos,

96 2063 243 2123 praeceps
259 2049 418 2121 corruerit,
441 2056 471 2104 et
487 2048 577 2104 ceteri
594 2065 698 2104 omnes
714 2047 835 2120 salutis,
858 2055 888 2104 et
902 2047 1042 2103 victoriae
1060 2064 1201 2104 coronam

99 2133 162 2188 sint
179 2127 292 2208 adepti.
334 2127 415 2190 hunc
438 2151 503 2189 esse
530 2151 652 2190 sensum
673 2131 868 2210 allegoricum
890 2131 979 2189 nobis
1005 2133 1202 2209 propositum,

98 2225 222 2294 praeter
243 2235 277 2272 ea
298 2235 376 2294 quae
396 2227 581 2296 sequuntur,
611 2216 684 2274 facit
703 2227 736 2274 ut
756 2214 912 2275 credamus
930 2217 1057 2275 verbum
1074 2221 1203 2295 κροτεῖν,

100 2298 185 2379 quod
197 2311 373 2378 usurpatum
387 2322 506 2380 semper
519 2303 670 2359 iuvenitur
683 2299 722 2358 ad
735 2303 859 2379 plausus
872 2298 1102 2380 exprimendos,
1131 2303 1202 2380 qui-

101 2387 160 2444 bus
173 2387 299 2444 victores
315 2385 445 2444 athletae
459 2406 476 2444 a
490 2387 706 2465 spectatoribus
721 2387 958 2464 excipiebantur.
1002 2388 1028 2444 si
1040 2396 1141 2443 autem
1155 2386 1201 2442 al-

102 2473 252 2550 legoriam
266 2468 417 2547 dimittas,
446 2468 495 2529 dei
509 2485 672 2530 scammata
684 2482 769 2529 erant
784 2469 885 2528 divina
900 2472 1024 2530 consilia
1037 2481 1067 2528 et
1079 2469 1201 2543 iudicia,

104 2577 159 2614 seu
177 2556 251 2614 lines
273 2556 310 2614 ab
334 2578 369 2616 eo
385 2558 537 2616 constituti
553 2558 666 2616 ratione
680 2557 771 2635 plane
785 2553 905 2614 diversa
922 2574 956 2613 ao
970 2559 1093 2614 insanus
1110 2552 1206 2614 Chos-

104 2661 172 2700 roes
185 2661 288 2700 secum
302 2653 507 2722 reputaverat:
537 2642 696 2701 consilium
714 2644 796 2700 enim
812 2641 871 2699 fuit
885 2638 1035 2700 chosroae
1050 2650 1084 2698 ut
1099 2658 1205 2699 omnes

104 2729 233 2785 Romani
243 2729 391 2805 perirent,
419 2728 579 2788 consilium
593 2737 694 2785 autem
708 2725 758 2785 dei
772 2726 831 2784 fuit
843 2737 878 2784 ut
890 2746 968 2786 unus
981 2728 1092 2805 periret
1107 2724 1205 2784 Chos-

105 2831 172 2870 roes
188 2822 218 2870 et
234 2831 338 2874 omues
355 2823 545 2873 servarentur
562 2814 708 2889 Romani,
741 2807 807 2886 ἑνὸς
821 2807 969 2887 πεσόντος
983 2811 1036 2874 aul
1054 2807 1207 2890 ossucul-

105 2891 269 2962 acrbior.

192 2999 245 3066 64·
287 2999 365 3060 ludit
382 2997 412 3060 iis
427 3021 500 3062 voce
516 2994 685 3078 πλανήτας,
710 3019 787 3082 quae
803 3019 822 3058 a
834 2995 969 3073 niardo,
990 3017 1054 3055 erro
1070 3006 1100 3054 et
1113 2997 1147 3054 in
1159 3014 1207 3052 er-

109 3107 202 3146 rorem
219 3087 351 3160 induem
382 3085 463 3146 unde
479 3090 552 3146 soite
572 3084 644 3144 dicit
663 3085 844 3160 chosroam,
873 3086 925 3165 qui
939 3093 1057 3141 tantum
1070 3084 1104 3138 in
1121 3083 1210 3139 astris

110 3172 211 3231 fideret
225 3183 259 3230 ut
274 3193 309 3230 ea
321 3193 375 3251 pro
388 3173 446 3231 diis
458 3171 592 3245 haberet,
614 3191 695 3230 nunc
712 3169 836 3229 demum
849 3171 960 3228 sentire
974 3188 1038 3226 non
1055 3186 1074 3224 a
1091 3175 1209 3246 septem

110 3256 200 3316 modo
212 3257 351 3337 planetis,
366 3276 442 3336 quos
454 3278 519 3316 esse
531 3255 629 3316 sidere
644 3258 769 3314 erratica
781 3273 858 3334 vaga
872 3265 903 3313 et
914 3253 1048 3333 palantia
1064 3259 1209 3311 noverant

109 3351 225 3402 'veteres
238 3345 418 3416 astronomi,
447 3341 503 3402 sed
515 3344 606 3400 etiam
618 3343 655 3400 ab
669 3343 736 3400 aliis
749 3340 889 3400 omuibus
903 3339 1014 3413 stellis,
1043 3356 1118 3418 quas
1132 3336 1210 3394 fixas

112 3447 215 3488 vocare
230 3428 338 3503 solent,
359 3448 392 3487 se
406 3427 499 3487 fluisse
515 3425 683 3506 deceptum.
727 3429 771 3486 sic
785 3427 878 3484 etiam
891 3425 970 3484 salse
983 3421 1089 3482 irridet
1100 3423 1209 3480 Persa-⁴

113 3533 178 3572 rum
191 3514 369 3591 religionem
382 3523 412 3572 et
427 3515 600 3586 scientium,
629 3531 707 3594 quae
720 3513 912 3593 potissimum
924 3512 957 3568 iu
974 3528 1053 3567 vana
1071 3508 1210 3585 planeta·

114 3619 178 3658 rum
199 3599 403 3658 observatione
424 3601 536 3659 versari
553 3598 685 3674 solebat,
714 3617 784 3656 oum
799 3597 836 3654 ab
853 3614 958 3654 eorum
974 3594 1094 3652 influxu
1109 3594 1210 3651 omnia

113 3682 240 3765 pendere
253 3685 474 3742 arbitrarentur.

194 3791 245 3853 60.
290 3781 461 3864 αἐισφαιεΐς
473 3787 578 3866 Magos
592 3785 726 3865 appellat
738 3804 774 3843 eo
788 3778 871 3864 quod
886 3799 1021 3860 semper,
1043 3798 1078 3836 ao
1092 3774 1210 3856 praeci-

115 3893 172 3952 pue
184 3872 316 3932 Heraclii
329 3871 532 3950 temporibus,
565 3872 726 3948 astrologia
740 3868 896 3928 iudiciaria
913 3876 944 3925 et
958 3857 1212 3941 ἆποτειεσματική

117 3957 240 4018 facultas
251 3967 336 4016 tauto
349 3959 382 4014 in
394 3954 507 4015 honore
527 3953 609 4036 apud
624 3975 676 4014 eos
690 3965 790 4032 esset,
812 3963 846 4012 ut
859 3971 929 4011 cum
940 3953 1043 4010 omnia
1057 3967 1099 4007 ex
1115 3949 1216 4025 magi-

119 4061 168 4101 cae
184 4041 360 4123 disciplinae
375 4043 490 4101 arcanis
503 4038 633 4121 petenda
649 4043 774 4100 consilia
790 4048 906 4113 essent,
936 4047 967 4094 et
985 4032 1064 4093 nihil
1082 4033 1216 4091 faustum

120 4147 182 4187 esse
195 4147 284 4208 posse
299 4129 522 4186 existimaretur
535 4125 618 4209 quod
632 4126 670 4184 eb
687 4128 731 4186 eis
744 4145 805 4185 non
818 4125 927 4182 luisset
940 4119 1106 4192 definitum,
1126 4115 1218 4200 quid-

123 4212 193 4294 quid
206 4209 359 4293 agendum
373 4222 466 4289 esset,
496 4231 551 4293 per
568 4211 768 4272 divinationes
788 4220 819 4270 et
838 4207 1023 4270 somniorum
1039 4207 1218 4285 interpreta-
