2792 4709
220 192 273 266 92
526 258 530 267 ,
691 186 865 266 mim

222 352 829 436 Medmhdrritnenuemtn
849 350 1343 420 mormoreium-helina

222 446 344 507 labente
359 445 463 521 tertia,
484 446 512 505 si
524 440 731 505 Indiutionnm
739 440 889 525 epouham
901 440 1063 525 defigimus
1071 444 1111 505 in
1122 438 1341 504 maesta-

223 534 337 595 uuariis
352 530 564 592 antinhimii
579 527 915 611 dierioesimaquinta.
1369 551 1371 576 1

308 612 1341 699 noniquemmffleqataeautoduoponnurabtmmum

225 703 484 785 quingentesimus
502 701 712 781 mgssirnus
727 699 893 775 seoundtu,
915 700 972 761 sub
987 701 1150 759 oonsulatu
1167 700 1341 757 11ιίΙῆτί-

226 792 288 849 eies
299 788 412 862 semel,
432 784 598 847 indietinue
616 784 734 847 deoima
748 798 872 847 notatur
881 796 946 845 tarn
960 785 999 845 ab
1013 782 1063 843 his
1076 786 1134 865 qui
1146 783 1340 843 ludietiuua

226 892 246 932 a
264 874 389 949 Matio,
411 890 504 954 quam
520 872 560 933 eb
584 873 653 933 aliis
674 873 729 954 qni
748 873 788 933 ab
807 871 983 931 Deoemhn’s
1002 867 1342 933 die25autkaleudis

225 959 358 1021 lemnii
370 958 567 1039 sequentibus
578 956 746 1019 ordiuntur.
787 976 893 1018 rerum
903 959 1021 1037 priores
1030 974 1051 1013 a
1061 951 1215 1015 kaierrdis
1228 958 1345 1013 ism-

226 1044 280 1105 riis
302 1040 342 1101 ad
364 1048 385 1109 8
406 1040 553 1103 kalendas
568 1044 690 1124 Apriles
708 1041 908 1103 indietionem
923 1039 1022 1103 adhue
1035 1041 1160 1099 tertiam
1176 1042 1344 1120 putebant.

96 1148 97 1153 ¹
228 1128 443 1189 manmebant
462 1138 565 1189 autern
585 1129 674 1189 ambo
686 1130 720 1187 in
732 1126 861 1189 eandem
873 1125 1074 1186 indistionam
1087 1137 1253 1207 quamn,
1273 1128 1346 1203 ipro

228 1211 279 1273 die
297 1214 527 1291 insarnstionis,
548 1214 650 1275 mutii
668 1212 728 1289 25,
749 1232 847 1296 aquo
867 1214 982 1273 soilieet
999 1209 1204 1273 custodum
1224 1230 1345 1271 am-

227 1296 340 1361 chniu
354 1310 493 1359 numeru
507 1300 784 1381 quingentesimi
795 1298 1020 1378 sax-geum
1034 1294 1223 1357 aeouudum.

312 1386 381 1443 Non
403 1384 498 1463 igitur
517 1382 627 1445 eodem
648 1404 729 1445 anno
751 1383 922 1465 iisdemque
945 1382 1121 1468 aomuhbns
1142 1381 1243 1441 ambo
1263 1377 1348 1439 haee

227 1468 317 1529 initio
338 1472 536 1545 eonveniunt,
562 1471 775 1532 inoamationis
794 1470 909 1532 soiiieat
929 1479 960 1529 et
979 1469 1088 1529 natalis
1108 1466 1246 1527 domini.
1289 1466 1346 1546 qui

230 1556 313 1613 enim
332 1571 351 1611 a
369 1556 465 1613 natali
480 1554 644 1635 ineipiunt‚
665 1553 725 1615 hoo
737 1566 783 1615 est
795 1556 837 1621 26
850 1555 1040 1628 Deoemhris,
1060 1572 1170 1611 eorum
1187 1549 1346 1631 epocham

228 1658 292 1698 uon
305 1649 473 1718 sequnntur
485 1642 539 1721 qui
551 1641 589 1700 eb
600 1642 821 1715 hemmone,
841 1637 902 1701 hoo
914 1648 960 1698 est
970 1637 1012 1703 26
1023 1640 1146 1711 Martii,
1163 1648 1345 1711 numerent,

227 1722 284 1783 sed
299 1724 393 1785 trihus
409 1726 565 1785 mensibus
577 1735 783 1799 antevortunt3
804 1735 840 1785 ut
856 1736 887 1785 et
906 1724 1013 1787 Graaei
1027 1726 1101 1783 anni
1111 1725 1187 1802 plus
1200 1726 1343 1796 senune,

228 1810 299 1889 qui,
322 1808 404 1889 quod
418 1810 469 1869 rel
481 1812 708 1890 puerinum,
730 1809 915 1871 Indiuiones
927 1828 999 1870 suas
1013 1810 1088 1868 olim
1102 1828 1121 1868 a
1134 1808 1181 1873 25
1194 1810 1344 1888 Septun-

227 1895 309 1969 bris,
327 1904 432 1975 poster
458 1916 529 1955 raro
555 1913 575 1956 ι
595 1892 735 1957 kalendis
763 1899 865 1956 exorsi
885 1906 965 1955 sunt.
1006 1892 1090 1975 quod
1108 1895 1289 1973 posteritas,
1309 1902 1343 1951 ut

229 1980 308 2039 riios
320 1982 474 2057 omittam,
496 1982 658 2060 Gregorius
675 1977 835 2086 Kepuprrig
850 1980 1118 2041 'taurominitanus
1130 1977 1342 2060 arehiepisco-

229 2084 288 2213 pps
311 2064 425 2125 indicat
443 2064 571 2126 homilis
599 2066 645 2143 eir
664 2060 723 2148 nie
744 2062 843 2149 upzris
862 2068 918 2148 τῆς
934 2060 1076 2129 hermon
1096 2060 1172 2146 ἤτοι
1190 2069 1254 2129 τοῦ
1272 2065 1343 2129 eir·

262 2171 326 2223 our.
402 2182 404 2185 ·

315 2232 1052 2318 Geternmquoddaindiotionumepoohodixi,
1071 2235 1342 2294 rnesuiuieseeurn

228 2321 337 2401 primis
359 2330 475 2401 oportet
498 2341 550 2382 eos
570 2322 624 2403 qui
644 2322 827 2381 Graeoorum
841 2321 982 2382 historias
996 2322 1167 2399 attingunt,
1191 2317 1270 2378 dum
1281 2324 1342 2379 isn-

229 2416 403 2486 perutomm
415 2425 509 2467 uunos
524 2408 616 2467 simul
627 2416 657 2467 et
671 2426 742 2467 enm
755 2406 971 2467 hrdiotionibns
984 2416 1097 2465 etum
1108 2406 1203 2465 mnia
1213 2407 1343 2464 Iulianis

232 2502 417 2572 rumperent.
459 2512 532 2551 nam
544 2495 598 2575 qui
612 2511 630 2551 u
644 2490 784 2553 kalendis
796 2494 929 2553 Ianuarii
940 2510 1056 2551 sunum
1068 2493 1192 2565 ineunt,
1210 2490 1247 2550 id
1259 2490 1343 2571 quod

230 2576 371 2637 hodierni
394 2580 552 2658 scriptores
575 2580 706 2653 feriunt,
730 2596 843 2639 aunum
862 2578 1028 2659 quemlibet
1042 2596 1081 2635 ea
1093 2575 1270 2636 Indimione
1283 2596 1343 2635 no·

230 2672 295 2720 tere
314 2660 425 2721 dehent
444 2682 522 2743 quae
545 2684 586 2723 ex
605 2664 763 2743 cpolitano
780 2661 925 2723 methodo
947 2682 966 2721 a
986 2660 1128 2722 kalendis
1148 2661 1343 2742 Septembris

232 2748 304 2807 anni
323 2748 479 2807 anterioris
493 2750 616 2808 initium
628 2744 750 2824 habuit,
770 2750 802 2808 iu
818 2768 912 2831 quarn
923 2749 1036 2808 Iuliani
1048 2748 1121 2807 anui
1135 2746 1342 2827 primordimn

232 2830 359 2907 inuidit,
379 2852 441 2895 non
457 2834 495 2891 ab
510 2852 546 2893 ea
562 2852 640 2915 quse
654 2832 764 2897 eodem
778 2854 858 2896 enno
872 2836 994 2895 muniti
1010 2834 1033 2895 8
1047 2833 1239 2894 vertentibus
1254 2854 1342 2893 men-

235 2918 319 2979 sibus
342 2916 511 2979 inchoatur.
553 2929 620 2979 tum
641 2934 713 2980 vero
736 2922 838 3001 siqui
858 2923 1054 3000 imperatores
1077 2930 1217 2979 exeunte
1239 2920 1341 3000 aiiqno

141 3002 164 3057 P
183 3000 219 3059 58
236 3023 316 3065 enno
335 3006 453 3065 loiieuo
476 3006 639 3088 imperium
659 3006 807 3085 auspiueti
826 3016 912 3082 sunt,
932 3026 997 3065 non
1014 3005 1054 3067 eb
1069 3006 1108 3065 iis
1131 3006 1340 3084 cognominari

231 3088 315 3149 huno
335 3110 464 3166 aunum,
485 3090 542 3151 sed
560 3093 599 3151 eh
620 3090 867 3153 antenedentibus
886 3111 942 3174 par
964 3101 1026 3169 ost,
1048 3092 1102 3173 qui
1123 3094 1249 3151 maiore
1273 3092 1340 3149 anni

231 3185 316 3255 parte
331 3174 430 3236 adhue
444 3178 572 3257 imperio
588 3178 791 3258 praefuerunt.

318 3264 401 3321 Haeo
426 3264 581 3323 levissima
607 3261 733 3343 quidem
759 3272 851 3338 sunt,
893 3260 950 3323 sed
976 3280 996 3321 a
1023 3257 1213 3343 quibusdam
1242 3261 1340 3319 minus

232 3343 459 3419 auimedremn3
489 3366 530 3407 ex
551 3366 612 3429 quo
632 3348 779 3423 uenerit,
801 3359 836 3407 nt
854 3348 942 3413 initio
962 3348 1116 3427 praefatus
1131 3335 1225 3419 sum',
1247 3366 1339 3403 anno-
1381 3337 1383 3416 J

232 3450 301 3489 rum
321 3429 394 3491 ordo
413 3432 611 3492 labefactatus
631 3442 694 3507 est,
716 3432 868 3514 siquidem
891 3434 1007 3513 primus
1027 3432 1112 3491 iilius
1130 3450 1236 3490 auum
1258 3430 1339 3490 indi-

232 3518 331 3575 otione
354 3518 511 3595 cpolitano
533 3519 632 3598 eoepit
655 3518 713 3594 14,
743 3539 772 3578 n.
793 3520 827 3577 0.
847 3519 927 3593 610,
954 3518 1228 3591 ortolanum,
1250 3528 1286 3575 nt
1302 3534 1340 3573 ex

232 3599 422 3681 Theophane
448 3603 583 3663 cedreno
607 3604 734 3685 sitisque
757 3613 891 3665 oonstsre
912 3605 1022 3682 potuit.
1064 3622 1159 3683 quare
1184 3621 1270 3661 anno
1293 3621 1341 3659 re·

233 3698 355 3769 quente‚
378 3686 485 3750 eadem
500 3688 666 3753 hrdiotione
682 3690 802 3753 lubente
818 3698 870 3749 aut
881 3690 1004 3747 ineunte
1017 3690 1165 3763 Romana,
1185 3687 1340 3745 numerari

232 3778 348 3853 primus
365 3775 496 3833 Heraclii
511 3774 630 3849 debuit,
652 3794 724 3834 oum
737 3773 965 3837 antecedentem
978 3776 1087 3833 maiori
1100 3792 1140 3831 ex
1153 3784 1244 3852 perte
1259 3770 1340 3831 Pho-

233 3878 286 3918 one
307 3862 328 3923 8
348 3871 532 3941 occupasset.
576 3870 607 3922 ut
627 3860 675 3919 iili
697 3862 828 3921 Heraclii
849 3857 1015 3921 muudum
1031 3858 1143 3919 Christi
1156 3860 1222 3921 611
1237 3861 1339 3935 signa-

232 3955 312 4003 runt.
354 3948 397 4005 ita
410 3948 526 4025 primus
541 3944 676 4007 eiusdem
689 3948 878 4026 imperatoris
892 3964 988 4006 annus
1004 3944 1147 4008 trimestri
1165 3944 1269 4021 eputio
1282 3946 1338 4000 eir·

234 4033 433 4110 oumsuriptuo
453 4040 508 4091 est.
552 4048 645 4113 quarn
670 4032 771 4092 labem
796 4052 867 4095 euru
885 4029 1023 4091 homiues
1045 4028 1157 4090 eruditi
1175 4028 1271 4088 iaoiie
1286 4025 1337 4086 ds-

234 4110 481 4192 prehendissent,
502 4116 546 4175 ita
564 4113 725 4177 emendare
743 4128 815 4177 suut
832 4119 965 4197 aggressi
979 4126 1013 4175 ut
1027 4117 1115 4175 anuis
1125 4111 1251 4173 Phooae
1261 4133 1338 4171 non-

234 4197 294 4255 nisi
304 4202 324 4263 7
337 4200 486 4262 attributi·
500 4220 555 4283 pro
568 4210 691 4282 ootaro,
713 4204 768 4286 qui
780 4205 813 4262 in
825 4200 937 4263 chrnri
950 4203 1014 4269 olo
1027 4198 1151 4279 heieu,
1173 4200 1309 4258 Heranlii
1319 4200 1335 4259 1
