2792 4709
363 206 619 279 concamio
638 211 673 282 S.
691 210 883 283 SOPHIAE.
1122 215 1172 287 95

64 381 131 441 ταῖν
146 372 374 459 mansisses
387 374 515 439 codino.
555 378 670 440 Paulus
681 378 873 441 silentiarius
887 376 925 443 de
939 378 1047 443 iisdem
1060 394 1136 465 part.
1154 388 1170 447 1

65 485 97 525 a.
117 464 201 529 256:

235 540 351 611 aclas
362 547 540 631 θηλνιίριον
550 542 692 631 ιίιιεριίΐα
702 545 779 613 sold
792 544 924 632 νοήσεις.

67 644 102 691 et
112 636 227 712 parat
243 652 274 692 v·
290 631 366 697 125:
582 688 586 695 ,
845 700 849 707 ,

238 716 315 781 ἔνθα
325 716 505 799 γυναικείων
518 711 720 795 ἀναφαίνεται
736 718 821 783 iadau
833 717 955 785 θοίναν.

68 798 281 861 catechumeni
294 800 441 881 Sophiani
457 806 596 863 meminit
609 816 763 884 praeterea
776 810 911 885 ignatius
928 808 1052 867 Diacon.
1065 806 1098 865 in
1112 808 1173 866 rita

66 886 232 967 Nicephori
255 899 334 968 patr.
349 890 452 947 ΟΜ.
468 892 524 964 69,
545 890 683 970 illudque
704 887 756 955 οόν
776 896 833 953 rori
850 894 989 975 μεγίστου
1008 890 1068 955 uror*
1089 896 1175 971 περί·

66 994 187 1036 ιοιιστον
199 968 424 1053 ναοηχοιίμενοο
438 984 535 1033 vocat.
579 986 610 1035 at
623 979 747 1056 sequior
763 978 888 1039 Graecia
902 988 1060 1058 utramque
1076 980 1174 1056 porti-

67 1080 141 1117 cum
159 1058 332 1117 inferiorem
351 1067 381 1116 et
400 1061 585 1138 superiorem
602 1060 887 1122 catechumenorum
902 1067 1024 1121 nomine
1041 1063 1173 1138 donavit,

65 1156 103 1203 ut
116 1142 271 1203 advertere
285 1154 382 1203 estex
393 1146 553 1222 Anonymo
567 1144 605 1204 dc
618 1148 707 1207 Locis
724 1150 871 1207 Hierosol.
889 1168 914 1208 c.
931 1155 945 1213 l
965 1158 995 1207 et
1010 1147 1124 1207 Codino
1139 1152 1174 1209 in

66 1232 174 1289 Descr.
197 1229 229 1287 S.
249 1227 396 1310 Sophiae,
420 1231 474 1308 qui
487 1230 644 1291 inferiores
660 1227 696 1294 ari
713 1236 818 1312 πρῶτοι
834 1229 1060 1313 κατοικούμενον,
1080 1254 1173 1313 supe-

68 1319 164 1375 riores
180 1310 304 1395 δεύτερα
316 1307 525 1393 marmurae
536 1328 705 1395 nuncupat,
727 1320 773 1375 uti
790 1338 878 1399 supra
895 1338 912 1377 a
927 1320 1013 1380 nobis
1030 1320 1173 1378 observa·-

66 1412 147 1459 tum.
190 1410 332 1481 utraque,
353 1400 479 1458 inferior
494 1402 607 1460 scilicet
622 1413 652 1460 et
666 1406 816 1479 superior,
838 1424 987 1463 marmore
1007 1408 1172 1465 coruscanti

67 1497 163 1546 strata
184 1489 382 1564 conspicitur,
404 1494 438 1545 ut
461 1496 506 1543 est
523 1488 556 1543 in
575 1490 732 1545 Itinerario
747 1490 785 1547 D.
805 1488 842 1549 da
857 1490 1036 1568 Saligniaco.
1080 1510 1174 1571 aupe-

66 1576 163 1631 riores
180 1590 252 1631 vero
265 1573 299 1629 in
311 1567 390 1630 tholi
403 1568 529 1629 modum
546 1584 713 1632 cameratae
729 1584 809 1633 sunt.
852 1574 1041 1635 silentiarius
1060 1588 1137 1657 part.
1154 1584 1169 1643 1

65 1678 99 1717 r.
118 1658 199 1721 257:

235 1742 333 1819 σχῆμα
346 1733 443 1804 θόλον
457 1738 638 1820 φορίοιισεν,
659 1734 813 1807 ὃνιιὸθεν
829 1742 908 1809 lassu
921 1744 1050 1809 ἰδέσθαι.
1187 1750 1209 1802 P
1228 1748 1278 1804 551

65 1830 112 1887 ita
127 1826 210 1885 enirn
223 1824 405 1885 restituenda
417 1826 524 1886 lacuna
540 1848 579 1885 ex
591 1831 754 1932 Procopio,
776 1831 829 1889 ubi
841 1834 903 1910 agit
916 1831 953 1891 de
969 1833 1172 1912 superioribus

65 1912 250 1993 porticibus:
281 1910 333 1973 ιιοιλ
356 1904 462 1985 αιῖεοιῖς
484 1908 507 1985 η’
530 1908 632 1994 siponti
652 1921 758 1989 θολος.
800 1918 833 1975 in
857 1916 983 1977 modum
1000 1915 1107 1997 scyphi
1126 1930 1173 1975 te-

65 1997 238 2059 studinatas
266 1993 359 2054 habet
385 1998 580 2076 Anonymus:
611 1994 817 2081 οἷνεγείραντες
838 1999 871 2064 δὲ
893 1998 948 2075 τοὶς
971 1996 1088 2081 duribus
1110 2008 1174 2065 solu

63 2076 235 2163 ὑπερῴων,
256 2084 319 2143 τοῖν
337 2104 369 2143 τι
389 2082 496 2155 δεξιῶν
511 2083 563 2147 καί
579 2090 642 2149 τοῖν
659 2080 845 2165 ου’ωνιίμων,
867 2087 918 2149 sul
937 2080 1046 2162 τούτοις
1061 2082 1173 2151 ouand-

65 2190 176 2241 σαντις
198 2162 350 2241 σειοφιιιίς
371 2159 499 2240 uiuidus.
540 2169 593 2228 uhi
616 2166 768 2248 σιιιιφιιιοὶς
782 2170 865 2231 idem
880 2174 958 2232 valet
974 2192 1008 2231 ac
1024 2176 1173 2253 ιιομβαλι-

62 2250 144 2329 κᾶς,
167 2249 274 2332 scyphi
293 2262 344 2311 aut
362 2252 492 2330 cymbali
508 2254 610 2315 instar.
653 2260 841 2335 superiorum
859 2261 985 2320 istarum
1002 2264 1173 2339 porticuum

65 2340 299 2399 intercolumnia
314 2338 423 2416 pluteis
436 2342 613 2399 muniuntur
623 2344 808 2415 marmoreis,
830 2344 898 2403 altis
914 2354 1054 2423 quattuor
1067 2344 1170 2423 pedes,

64 2428 179 2508 quibua
199 2424 405 2485 incumbentes
428 2424 532 2482 rident
550 2428 723 2485 interiorem
743 2427 828 2486 aedis
845 2439 979 2506 partem,
1001 2439 1064 2487 tam
1077 2430 1171 2487 infer·

64 2532 142 2571 nam
157 2528 252 2591 qnam
266 2528 436 2588 supernam.
478 2512 591 2570 Paulus
607 2513 796 2571 Silentiarius
810 2524 887 2590 part.
904 2514 920 2575 1
940 2532 969 2571 v.
983 2518 1064 2579 265:

231 2588 333 2655 πάντα
347 2594 378 2656 dl
394 2596 586 2658 Θεσσαλινοῖσ
599 2598 755 2675 μεταίχμιοι
768 2598 871 2670 κίονος
885 2590 962 2681 α’νήρ

231 2677 364 2753 λαΐνίοις
376 2678 503 2759 ἔφραζεν
515 2680 699 2760 ίρείσμασιν,
722 2682 799 2744 ἔνθα
811 2687 963 2747 ιιλοθεῖσσιι

234 2758 419 2844 λργοιιιίνοος
431 2759 570 2846 ιε’γιιοῖνοις
584 2768 779 2846 ίιιηρείσονοο
792 2776 941 2848 γυναῖκες.

64 2850 116 2911 his
136 2859 338 2910 consentanea
357 2846 449 2909 habet
468 2852 632 2928 Euagrius,
655 2852 692 2911 de
711 2854 853 2915 lateribus
869 2850 1057 2915 meridionali
1075 2862 1105 2911 et
1120 2873 1170 2911 se-

63 2936 262 3018 ptentrionali
282 2938 338 2998 εοῦ
360 2939 439 2997 ναοῦ
457 2937 608 2997 scribens:
630 2933 755 3022 εἷιιιρῷά
771 2961 801 3003 τε
815 2940 1041 3022 μιτεωρίζοιισιν
1060 2937 1170 3018 ἑτέροις

63 3022 290 3105 παραπλησίοις
309 3023 406 3095 κίοσι,
426 3017 609 3097 προκύπτειν
629 3030 691 3095 τοῖς
710 3024 905 3103 βουλομένοις
928 3020 1063 3097 διδόντες
1083 3023 1114 3095 ἒς
1133 3020 1171 3083 τοί

63 3101 241 3185 τελούμενα.
285 3103 323 3163 de
348 3106 497 3166 similibus
518 3109 630 3186 pluteis
648 3111 832 3189 interpositis
851 3113 895 3170 sic
912 3110 1073 3183 Paulinus,
1097 3106 1169 3167 dum

65 3196 129 3274 agit
143 3193 183 3253 de
198 3192 361 3271 porticibus
378 3192 462 3249 atrii:
542 3245 548 3257 ,

231 3276 287 3335 sed
298 3278 492 3335 circumiectis
505 3281 538 3335 ιἰο
545 3277 714 3355 porticibus
728 3280 858 3357 spatt'arn'

232 3364 319 3439 copia
334 3362 424 3441 larga
438 3362 550 3434 audeat,
571 3366 808 3444 interpositisque
824 3363 979 3423 columnas

233 3448 376 3505 οιειιονίίιε
384 3448 486 3528 sessos
500 3449 679 3507 incumbere.

64 3527 148 3613 quod
165 3550 239 3591 vero
256 3534 297 3589 ait
313 3536 478 3611 Euagrius,
499 3535 609 3612 pluteis
624 3534 865 3593 incumbentibus
877 3532 1053 3591 mulieribus
1069 3529 1170 3589 divina

65 3616 213 3675 sacrificia
226 3620 336 3677 intueri
349 3621 485 3692 licuisse,
507 3618 539 3677 id
554 3618 786 3698 intelligendum
799 3630 843 3679 est
857 3618 972 3679 deloco
987 3618 1123 3677 sacrificii
1137 3636 1171 3675 ac

63 3702 205 3761 bemate:
226 3722 300 3760 narn
320 3702 395 3762 dum
413 3702 494 3763 illud
511 3706 724 3784 peragebatur,
747 3706 849 3765 velum
869 3707 970 3763 statim
986 3703 1024 3763 ad
1041 3706 1173 3761 interco-

64 3787 185 3845 lumnia
206 3787 443 3864 subducebatur,
465 3810 564 3870 neque
584 3793 621 3848 iis
643 3794 741 3869 capita
764 3802 816 3849 eut
837 3790 939 3850 oculos
954 3788 993 3850 ad
1009 3790 1061 3847 illa
1074 3790 1171 3866 inspi-

65 3872 175 3931 cienda
199 3878 371 3951 promittere
393 3875 448 3933 sub
470 3874 670 3935 anathematis
689 3896 786 3956 poena
809 3878 854 3935 fas
877 3887 949 3934 erat.
992 3872 1026 3933 id
1049 3876 1171 3934 omnino

65 3958 213 4037 colligere
229 3970 274 4017 est
287 3980 327 4019 ex
338 3962 407 4019 Vita
422 3962 455 4019 S.
468 3962 593 4035 Basilii,
615 3981 692 4042 quae
711 3960 923 4041 Amphilochio
941 3960 1096 4031 tribuitur,
1120 3960 1173 4038 qui

64 4046 142 4101 ritus
160 4044 245 4103 illius
264 4056 367 4103 auctor
383 4046 476 4105 suae
491 4046 618 4105 videtur.
660 4066 733 4105 nam
751 4068 820 4105 cmn
838 4048 1048 4105 mulierculam
1069 4046 1172 4121 impu-

65 4127 136 4187 dice
149 4129 210 4187 sthi
224 4130 461 4189 subministranti
476 4129 601 4191 diacono
618 4143 817 4209 annuentem,
840 4130 912 4191 dum
927 4130 964 4189 de
979 4127 1172 4189 catechume-

63 4216 127 4273 niis
141 4216 174 4272 in
187 4214 281 4274 altare
294 4220 494 4297 prospiceret,
516 4216 709 4296 advertisset,
731 4220 800 4281 vela
817 4220 849 4277 in
867 4214 1100 4281 catechumeniis
1115 4234 1171 4293 ap-
