<?xml version="1.0" encoding="UTF-8"?>
<!DOCTYPE html PUBLIC "-//W3C//DTD XHTML 1.0 Transitional//EN"
    "http://www.w3.org/TR/xhtml1/DTD/xhtml1-transitional.dtd">
<html xmlns="http://www.w3.org/1999/xhtml" xml:lang="en" lang="en">
 <head>
  <title>
</title>
<meta http-equiv="Content-Type" content="text/html;charset=utf-8" />
  <meta name='ocr-system' content='tesseract 3.04.00' />
  <meta name='ocr-capabilities' content='ocr_page ocr_carea ocr_par ocr_line ocrx_word'/>
</head>
<body>
  <div class='ocr_page' id='page_1' title='image "./corpusscriptoru71theogoog/corpusscriptoru71theogoog_0389.png"; bbox 0 0 2792 4709; ppageno 0'>
   <div class='ocr_carea' id='block_1_1' title="bbox 300 258 1156 337">
    <p class='ocr_par' dir='ltr' id='par_1_1' title="bbox 300 258 1156 337">
     <span class='ocr_line' id='line_1_1' title="bbox 300 258 1156 337; baseline 0.006 -9"><span class='ocrx_word' id='word_1_1' title='bbox 300 304 305 312; x_wconf 87' lang='lat'>·</span> <span class='ocrx_word' id='word_1_2' title='bbox 353 260 550 329; x_wconf 78' lang='lat' dir='ltr'>PRRSICAE</span> <span class='ocrx_word' id='word_1_3' title='bbox 575 258 781 329; x_wconf 77' lang='lat' dir='ltr'>acRosslit</span> <span class='ocrx_word' id='word_1_4' title='bbox 807 260 863 331; x_wconf 87' lang='grc' dir='ltr'><strong>ΠΙ.</strong></span> <span class='ocrx_word' id='word_1_5' title='bbox 1085 262 1156 337; x_wconf 89' lang='grc'>119</span> 
     </span>
    </p>
   </div>
   <div class='ocr_carea' id='block_1_2' title="bbox 28 424 1158 4357">
    <p class='ocr_par' dir='ltr' id='par_1_2' title="bbox 28 424 1155 659">
     <span class='ocr_line' id='line_1_2' title="bbox 28 424 1155 508; baseline 0.001 -20"><span class='ocrx_word' id='word_1_6' title='bbox 28 428 167 489; x_wconf 84' lang='lat' dir='ltr'>raclius</span> <span class='ocrx_word' id='word_1_7' title='bbox 191 424 355 508; x_wconf 76' lang='lat' dir='ltr'>disputarit</span> <span class='ocrx_word' id='word_1_8' title='bbox 376 430 410 486; x_wconf 91' lang='lat' dir='ltr'>in</span> <span class='ocrx_word' id='word_1_9' title='bbox 431 428 566 508; x_wconf 84' lang='lat' dir='ltr'>partibus</span> <span class='ocrx_word' id='word_1_10' title='bbox 578 430 755 504; x_wconf 80' lang='lat' dir='ltr'>Annenisa,</span> <span class='ocrx_word' id='word_1_11' title='bbox 785 438 818 490; x_wconf 89' lang='lat' dir='ltr'>ut</span> <span class='ocrx_word' id='word_1_12' title='bbox 834 436 960 488; x_wconf 82' lang='lat' dir='ltr'>testatur</span> <span class='ocrx_word' id='word_1_13' title='bbox 981 426 1102 508; x_wconf 78' lang='lat' dir='ltr'>Sergius</span> <span class='ocrx_word' id='word_1_14' title='bbox 1122 432 1155 489; x_wconf 91' lang='lat' dir='ltr'>lu</span> 
     </span>
     <span class='ocr_line' id='line_1_3' title="bbox 28 512 1155 595; baseline -0.002 -20"><span class='ocrx_word' id='word_1_15' title='bbox 28 534 109 575; x_wconf 82' lang='lat' dir='ltr'>sua</span> <span class='ocrx_word' id='word_1_16' title='bbox 125 514 252 594; x_wconf 82' lang='lat' dir='ltr'>epistola</span> <span class='ocrx_word' id='word_1_17' title='bbox 269 513 310 571; x_wconf 90' lang='lat' dir='ltr'>ad</span> <span class='ocrx_word' id='word_1_18' title='bbox 321 516 505 593; x_wconf 89' lang='lat' dir='ltr'>lloncrimn,</span> <span class='ocrx_word' id='word_1_19' title='bbox 533 512 606 573; x_wconf 86' lang='lat' dir='ltr'>alibi</span> <span class='ocrx_word' id='word_1_20' title='bbox 620 514 813 594; x_wconf 81' lang='lat' dir='ltr'>probabimus</span> <span class='ocrx_word' id='word_1_21' title='bbox 827 516 858 574; x_wconf 90' lang='lat' dir='ltr'>in</span> <span class='ocrx_word' id='word_1_22' title='bbox 871 516 985 575; x_wconf 83' lang='lat' dir='ltr'>Manita</span> <span class='ocrx_word' id='word_1_23' title='bbox 998 512 1155 595; x_wconf 71' lang='lat' dir='ltr'>adpotum</span> 
     </span>
     <span class='ocr_line' id='line_1_4' title="bbox 28 600 330 659; baseline -0.003 0"><span class='ocrx_word' id='word_1_24' title='bbox 28 610 159 659; x_wconf 78' lang='lat' dir='ltr'>contra</span> <span class='ocrx_word' id='word_1_25' title='bbox 173 600 330 659; x_wconf 84' lang='lat' dir='ltr'>Severum.</span> 
     </span>
    </p>

    <p class='ocr_par' dir='ltr' id='par_1_3' title="bbox 128 682 1158 828">
     <span class='ocr_line' id='line_1_5' title="bbox 128 682 1158 828; baseline -0.001 -81"><span class='ocrx_word' id='word_1_26' title='bbox 128 682 215 828; x_wconf 49' lang='lat' dir='ltr'>dipid-</span> <span class='ocrx_word' id='word_1_27' title='bbox 257 704 328 769; x_wconf 81' lang='lat' dir='ltr'>vere</span> <span class='ocrx_word' id='word_1_28' title='bbox 339 695 441 744; x_wconf 81' lang='lat' dir='ltr'>ratem</span> <span class='ocrx_word' id='word_1_29' title='bbox 454 686 522 767; x_wconf 89' lang='lat' dir='ltr'>quis</span> <span class='ocrx_word' id='word_1_30' title='bbox 538 683 617 745; x_wconf 86' lang='lat' dir='ltr'>dicat</span> <span class='ocrx_word' id='word_1_31' title='bbox 634 682 786 761; x_wconf 90' lang='lat' dir='ltr'>Pisidam,</span> <span class='ocrx_word' id='word_1_32' title='bbox 808 686 861 766; x_wconf 88' lang='lat' dir='ltr'>qui</span> <span class='ocrx_word' id='word_1_33' title='bbox 877 682 1026 745; x_wconf 72' lang='lat' dir='ltr'>(lhosroae</span> <span class='ocrx_word' id='word_1_34' title='bbox 1040 682 1158 747; x_wconf 86' lang='lat' dir='ltr'>cladem</span> 
     </span>
    </p>

    <p class='ocr_par' dir='ltr' id='par_1_4' title="bbox 29 771 688 935">
     <span class='ocr_line' id='line_1_6' title="bbox 61 771 221 830; baseline 0.013 -2"><span class='ocrx_word' id='word_1_35' title='bbox 61 788 127 828; x_wconf 74' lang='lat' dir='ltr'>rae</span> <span class='ocrx_word' id='word_1_36' title='bbox 151 771 160 787; x_wconf 79' lang='lat'>⁸</span> <span class='ocrx_word' id='word_1_37' title='bbox 186 772 221 830; x_wconf 81' lang='lat' dir='ltr'>⁰t.</span> 
     </span>
     <span class='ocr_line' id='line_1_7' title="bbox 29 792 688 935; baseline -0.002 -16"><span class='ocrx_word' id='word_1_38' title='bbox 29 792 56 851; x_wconf 72' lang='lat' dir='ltr'><strong>P</strong></span> <span class='ocrx_word' id='word_1_39' title='bbox 139 856 215 919; x_wconf 74' lang='lat'><strong>357.</strong></span> <span class='ocrx_word' id='word_1_40' title='bbox 257 849 315 935; x_wconf 70' lang='lat' dir='ltr'>triv</span> <span class='ocrx_word' id='word_1_41' title='bbox 332 851 441 935; x_wconf 69' lang='grc' dir='ltr'><strong><em>δίκην]</em></strong></span> <span class='ocrx_word' id='word_1_42' title='bbox 461 852 589 914; x_wconf 88' lang='lat' dir='ltr'>subaudi</span> <span class='ocrx_word' id='word_1_43' title='bbox 603 850 688 918; x_wconf 75' lang='lat' dir='ltr'>sard.</span> 
     </span>
    </p>

    <p class='ocr_par' dir='ltr' id='par_1_5' title="bbox 28 938 1153 1362">
     <span class='ocr_line' id='line_1_8' title="bbox 138 938 1153 1021; baseline -0.003 -18"><span class='ocrx_word' id='word_1_44' title='bbox 138 942 213 1004; x_wconf 77' lang='lat'><strong>862.</strong></span> <span class='ocrx_word' id='word_1_45' title='bbox 257 938 375 999; x_wconf 77' lang='lat' dir='ltr'>clandii</span> <span class='ocrx_word' id='word_1_46' title='bbox 393 941 560 999; x_wconf 77' lang='lat' dir='ltr'>Ptolemaei</span> <span class='ocrx_word' id='word_1_47' title='bbox 577 942 747 1004; x_wconf 81' lang='lat' dir='ltr'>Pelusiotae</span> <span class='ocrx_word' id='word_1_48' title='bbox 762 956 868 1019; x_wconf 87' lang='lat' dir='ltr'>opera,</span> <span class='ocrx_word' id='word_1_49' title='bbox 903 941 956 1021; x_wconf 84' lang='lat' dir='ltr'>qui</span> <span class='ocrx_word' id='word_1_50' title='bbox 969 942 1153 1021; x_wconf 74' lang='lat' dir='ltr'><strong>temporibus</strong></span> 
     </span>
     <span class='ocr_line' id='line_1_9' title="bbox 28 1022 1153 1086; baseline 0 0"><span class='ocrx_word' id='word_1_51' title='bbox 28 1029 88 1086; x_wconf 86' lang='grc' dir='ltr'><strong>Μ.</strong></span> <span class='ocrx_word' id='word_1_52' title='bbox 117 1026 237 1083; x_wconf 80' lang='lat' dir='ltr'>Aurelii</span> <span class='ocrx_word' id='word_1_53' title='bbox 257 1026 403 1083; x_wconf 81' lang='lat' dir='ltr'>Antonini</span> <span class='ocrx_word' id='word_1_54' title='bbox 430 1026 462 1083; x_wconf 92' lang='lat' dir='ltr'>in</span> <span class='ocrx_word' id='word_1_55' title='bbox 481 1024 688 1084; x_wconf 69' lang='lat' dir='ltr'>Alexandnnn</span> <span class='ocrx_word' id='word_1_56' title='bbox 720 1022 872 1084; x_wconf 74' lang='lat' dir='ltr'>academia</span> <span class='ocrx_word' id='word_1_57' title='bbox 902 1030 1099 1085; x_wconf 72' lang='lat' dir='ltr'>astronomiae</span> <span class='ocrx_word' id='word_1_58' title='bbox 1123 1038 1153 1086; x_wconf 86' lang='lat' dir='ltr'>et</span> 
     </span>
     <span class='ocr_line' id='line_1_10' title="bbox 31 1108 1153 1191; baseline 0 -20"><span class='ocrx_word' id='word_1_59' title='bbox 31 1112 234 1189; x_wconf 76' lang='lat' dir='ltr'>astrologiae</span> <span class='ocrx_word' id='word_1_60' title='bbox 246 1108 353 1170; x_wconf 90' lang='lat' dir='ltr'>studiis</span> <span class='ocrx_word' id='word_1_61' title='bbox 368 1111 466 1170; x_wconf 84' lang='lat' dir='ltr'>clarus</span> <span class='ocrx_word' id='word_1_62' title='bbox 479 1111 608 1188; x_wconf 81' lang='lat' dir='ltr'>vivebat,</span> <span class='ocrx_word' id='word_1_63' title='bbox 623 1114 738 1169; x_wconf 84' lang='lat' dir='ltr'>notiora</span> <span class='ocrx_word' id='word_1_64' title='bbox 751 1120 820 1169; x_wconf 89' lang='lat' dir='ltr'>suut</span> <span class='ocrx_word' id='word_1_65' title='bbox 832 1129 922 1191; x_wconf 90' lang='lat' dir='ltr'>quam</span> <span class='ocrx_word' id='word_1_66' title='bbox 937 1110 996 1169; x_wconf 91' lang='lat' dir='ltr'>dici</span> <span class='ocrx_word' id='word_1_67' title='bbox 1006 1124 1153 1191; x_wconf 84' lang='lat' dir='ltr'>oporteat.</span> 
     </span>
     <span class='ocr_line' id='line_1_11' title="bbox 29 1193 1152 1278; baseline 0 -21"><span class='ocrx_word' id='word_1_68' title='bbox 29 1195 160 1257; x_wconf 81' lang='lat' dir='ltr'>Pisida-</span> <span class='ocrx_word' id='word_1_69' title='bbox 174 1193 226 1254; x_wconf 90' lang='lat' dir='ltr'>hic</span> <span class='ocrx_word' id='word_1_70' title='bbox 237 1196 447 1275; x_wconf 83' lang='lat' dir='ltr'>Almagestum</span> <span class='ocrx_word' id='word_1_71' title='bbox 459 1195 587 1273; x_wconf 88' lang='lat' dir='ltr'>indicat,</span> <span class='ocrx_word' id='word_1_72' title='bbox 615 1216 675 1277; x_wconf 90' lang='lat' dir='ltr'>quo</span> <span class='ocrx_word' id='word_1_73' title='bbox 690 1199 721 1253; x_wconf 90' lang='lat' dir='ltr'>in</span> <span class='ocrx_word' id='word_1_74' title='bbox 741 1196 818 1254; x_wconf 89' lang='lat' dir='ltr'>libro</span> <span class='ocrx_word' id='word_1_75' title='bbox 829 1196 1019 1255; x_wconf 87' lang='lat' dir='ltr'>Ptolemaeus</span> <span class='ocrx_word' id='word_1_76' title='bbox 1034 1217 1090 1278; x_wconf 92' lang='lat' dir='ltr'>pro</span> <span class='ocrx_word' id='word_1_77' title='bbox 1104 1201 1152 1257; x_wconf 86' lang='lat' dir='ltr'>aui</span> 
     </span>
     <span class='ocr_line' id='line_1_12' title="bbox 30 1280 990 1362; baseline -0.002 -20"><span class='ocrx_word' id='word_1_78' title='bbox 30 1284 169 1362; x_wconf 81' lang='lat' dir='ltr'>ingenii</span> <span class='ocrx_word' id='word_1_79' title='bbox 182 1280 304 1340; x_wconf 89' lang='lat' dir='ltr'>medulo</span> <span class='ocrx_word' id='word_1_80' title='bbox 317 1292 449 1361; x_wconf 83' lang='lat' dir='ltr'>systema</span> <span class='ocrx_word' id='word_1_81' title='bbox 463 1283 652 1361; x_wconf 87' lang='lat' dir='ltr'>planetarum</span> <span class='ocrx_word' id='word_1_82' title='bbox 667 1282 801 1361; x_wconf 88' lang='lat' dir='ltr'>exponit.</span> <span class='ocrx_word' id='word_1_83' title='bbox 986 1332 990 1340; x_wconf 92' lang='lat'><strong>.</strong></span> 
     </span>
    </p>

    <p class='ocr_par' dir='ltr' id='par_1_6' title="bbox 31 1361 1153 1791">
     <span class='ocr_line' id='line_1_13' title="bbox 137 1361 1153 1449; baseline -0.002 -17"><span class='ocrx_word' id='word_1_84' title='bbox 137 1366 213 1432; x_wconf 77' lang='lat'><strong>865.</strong></span> <span class='ocrx_word' id='word_1_85' title='bbox 256 1368 498 1446; x_wconf 78' lang='lat' dir='ltr'>subintelligitur,</span> <span class='ocrx_word' id='word_1_86' title='bbox 512 1379 547 1427; x_wconf 91' lang='lat' dir='ltr'>ut</span> <span class='ocrx_word' id='word_1_87' title='bbox 552 1378 636 1447; x_wconf 88' lang='lat' dir='ltr'>puto,</span> <span class='ocrx_word' id='word_1_88' title='bbox 651 1361 778 1449; x_wconf 79' lang='grc' dir='ltr'><strong><em>χρόνων,</em></strong></span> <span class='ocrx_word' id='word_1_89' title='bbox 792 1366 918 1427; x_wconf 86' lang='lat' dir='ltr'>fortasse</span> <span class='ocrx_word' id='word_1_90' title='bbox 934 1367 1025 1425; x_wconf 84' lang='lat' dir='ltr'>otiam</span> <span class='ocrx_word' id='word_1_91' title='bbox 1040 1372 1153 1449; x_wconf 75' lang='grc' dir='ltr'><strong><em>μεροῖν,</em></strong></span> 
     </span>
     <span class='ocr_line' id='line_1_14' title="bbox 33 1444 1153 1537; baseline 0 -24"><span class='ocrx_word' id='word_1_92' title='bbox 33 1450 134 1537; x_wconf 86' lang='lat' dir='ltr'>quod</span> <span class='ocrx_word' id='word_1_93' title='bbox 149 1453 177 1511; x_wconf 91' lang='lat' dir='ltr'>si</span> <span class='ocrx_word' id='word_1_94' title='bbox 190 1452 306 1532; x_wconf 89' lang='lat' dir='ltr'>placet,</span> <span class='ocrx_word' id='word_1_95' title='bbox 328 1446 378 1515; x_wconf 69' lang='grc' dir='ltr'>ὄπ’</span> <span class='ocrx_word' id='word_1_96' title='bbox 395 1444 525 1531; x_wconf 66' lang='grc' dir='ltr'>ἐσχάτων</span> <span class='ocrx_word' id='word_1_97' title='bbox 537 1451 716 1512; x_wconf 81' lang='lat' dir='ltr'>vertendum</span> <span class='ocrx_word' id='word_1_98' title='bbox 731 1462 775 1512; x_wconf 87' lang='lat' dir='ltr'>est</span> <span class='ocrx_word' id='word_1_99' title='bbox 789 1451 829 1510; x_wconf 84' lang='lat' dir='ltr'>ab</span> <span class='ocrx_word' id='word_1_100' title='bbox 842 1452 957 1511; x_wconf 74' lang='lat' dir='ltr'>ultimis</span> <span class='ocrx_word' id='word_1_101' title='bbox 970 1463 1065 1511; x_wconf 75' lang='lat' dir='ltr'>toras</span> <span class='ocrx_word' id='word_1_102' title='bbox 1080 1473 1153 1534; x_wconf 88' lang='lat' dir='ltr'>par-</span> 
     </span>
     <span class='ocr_line' id='line_1_15' title="bbox 31 1534 1153 1621; baseline -0.001 -22"><span class='ocrx_word' id='word_1_103' title='bbox 31 1542 152 1613; x_wconf 78' lang='lat' dir='ltr'>tibus3</span> <span class='ocrx_word' id='word_1_104' title='bbox 176 1539 263 1619; x_wconf 89' lang='lat' dir='ltr'>quasi</span> <span class='ocrx_word' id='word_1_105' title='bbox 273 1548 378 1596; x_wconf 71' lang='lat' dir='ltr'>nonar</span> <span class='ocrx_word' id='word_1_106' title='bbox 392 1538 471 1597; x_wconf 82' lang='lat' dir='ltr'>lacta</span> <span class='ocrx_word' id='word_1_107' title='bbox 484 1539 630 1597; x_wconf 71' lang='lat' dir='ltr'>allusione</span> <span class='ocrx_word' id='word_1_108' title='bbox 645 1536 685 1596; x_wconf 89' lang='lat' dir='ltr'>ad</span> <span class='ocrx_word' id='word_1_109' title='bbox 696 1534 903 1617; x_wconf 78' lang='lat' dir='ltr'>expeditiones</span> <span class='ocrx_word' id='word_1_110' title='bbox 918 1539 1058 1614; x_wconf 88' lang='lat' dir='ltr'>Heraclii,</span> <span class='ocrx_word' id='word_1_111' title='bbox 1082 1543 1153 1621; x_wconf 91' lang='lat' dir='ltr'>qui-</span> 
     </span>
     <span class='ocr_line' id='line_1_16' title="bbox 32 1622 1152 1703; baseline 0 -18"><span class='ocrx_word' id='word_1_112' title='bbox 32 1627 105 1685; x_wconf 87' lang='lat' dir='ltr'>bus</span> <span class='ocrx_word' id='word_1_113' title='bbox 117 1628 154 1682; x_wconf 89' lang='lat' dir='ltr'>in</span> <span class='ocrx_word' id='word_1_114' title='bbox 165 1625 327 1702; x_wconf 85' lang='lat' dir='ltr'>penitiores</span> <span class='ocrx_word' id='word_1_115' title='bbox 340 1624 432 1681; x_wconf 82' lang='lat' dir='ltr'>Asiae</span> <span class='ocrx_word' id='word_1_116' title='bbox 444 1634 543 1702; x_wconf 87' lang='lat' dir='ltr'>partes</span> <span class='ocrx_word' id='word_1_117' title='bbox 555 1626 732 1703; x_wconf 85' lang='lat' dir='ltr'>penetravit,</span> <span class='ocrx_word' id='word_1_118' title='bbox 756 1622 837 1681; x_wconf 89' lang='lat' dir='ltr'>dicat</span> <span class='ocrx_word' id='word_1_119' title='bbox 849 1625 912 1681; x_wconf 87' lang='lat' dir='ltr'>aius</span> <span class='ocrx_word' id='word_1_120' title='bbox 925 1626 1055 1703; x_wconf 85' lang='lat' dir='ltr'>regionis</span> <span class='ocrx_word' id='word_1_121' title='bbox 1066 1627 1152 1685; x_wconf 87' lang='lat' dir='ltr'>inco-</span> 
     </span>
     <span class='ocr_line' id='line_1_17' title="bbox 33 1706 988 1791; baseline -0.003 -20"><span class='ocrx_word' id='word_1_122' title='bbox 33 1714 82 1771; x_wconf 88' lang='lat' dir='ltr'>lis</span> <span class='ocrx_word' id='word_1_123' title='bbox 98 1721 251 1791; x_wconf 86' lang='lat' dir='ltr'>tanquam</span> <span class='ocrx_word' id='word_1_124' title='bbox 265 1727 380 1767; x_wconf 80' lang='lat' dir='ltr'>norum</span> <span class='ocrx_word' id='word_1_125' title='bbox 393 1706 605 1788; x_wconf 87' lang='lat' dir='ltr'>Phosphorum</span> <span class='ocrx_word' id='word_1_126' title='bbox 619 1711 792 1789; x_wconf 83' lang='lat' dir='ltr'>apparuisse</span> <span class='ocrx_word' id='word_1_127' title='bbox 805 1708 988 1768; x_wconf 86' lang='lat' dir='ltr'>Heraclium.</span> 
     </span>
    </p>

    <p class='ocr_par' dir='ltr' id='par_1_7' title="bbox 32 1792 1155 2986">
     <span class='ocr_line' id='line_1_18' title="bbox 136 1792 1153 1876; baseline 0.005 -26"><span class='ocrx_word' id='word_1_128' title='bbox 136 1796 213 1858; x_wconf 82' lang='grc'><strong>868.</strong></span> <span class='ocrx_word' id='word_1_129' title='bbox 256 1795 395 1876; x_wconf 84' lang='lat' dir='ltr'>quamvis</span> <span class='ocrx_word' id='word_1_130' title='bbox 413 1792 467 1852; x_wconf 91' lang='lat' dir='ltr'>diu</span> <span class='ocrx_word' id='word_1_131' title='bbox 485 1794 675 1876; x_wconf 86' lang='lat' dir='ltr'>multumque</span> <span class='ocrx_word' id='word_1_132' title='bbox 688 1813 779 1874; x_wconf 91' lang='lat' dir='ltr'>opera</span> <span class='ocrx_word' id='word_1_133' title='bbox 794 1794 960 1853; x_wconf 88' lang='lat' dir='ltr'>Ptolemaei</span> <span class='ocrx_word' id='word_1_134' title='bbox 970 1800 1153 1855; x_wconf 80' lang='lat' dir='ltr'>versarerim</span> 
     </span>
     <span class='ocr_line' id='line_1_19' title="bbox 34 1875 1155 1961; baseline 0.001 -21"><span class='ocrx_word' id='word_1_135' title='bbox 34 1880 165 1940; x_wconf 86' lang='lat' dir='ltr'>nullibi</span> <span class='ocrx_word' id='word_1_136' title='bbox 179 1875 257 1937; x_wconf 89' lang='lat' dir='ltr'>mihi</span> <span class='ocrx_word' id='word_1_137' title='bbox 270 1880 356 1938; x_wconf 88' lang='lat' dir='ltr'>licuit</span> <span class='ocrx_word' id='word_1_138' title='bbox 367 1880 502 1938; x_wconf 81' lang='lat' dir='ltr'>invenire</span> <span class='ocrx_word' id='word_1_139' title='bbox 517 1882 709 1955; x_wconf 75' lang='lat' dir='ltr'>vaticinium,</span> <span class='ocrx_word' id='word_1_140' title='bbox 742 1877 825 1961; x_wconf 91' lang='lat' dir='ltr'>quod</span> <span class='ocrx_word' id='word_1_141' title='bbox 837 1886 943 1960; x_wconf 69' lang='lat' dir='ltr'>poeta,</span> <span class='ocrx_word' id='word_1_142' title='bbox 965 1900 1057 1961; x_wconf 89' lang='lat' dir='ltr'>quam</span> <span class='ocrx_word' id='word_1_143' title='bbox 1075 1884 1155 1941; x_wconf 86' lang='lat' dir='ltr'>belle</span> 
     </span>
     <span class='ocr_line' id='line_1_20' title="bbox 33 1962 1154 2048; baseline 0.001 -23"><span class='ocrx_word' id='word_1_144' title='bbox 33 1969 142 2048; x_wconf 84' lang='lat' dir='ltr'>plane</span> <span class='ocrx_word' id='word_1_145' title='bbox 159 1966 240 2023; x_wconf 89' lang='lat' dir='ltr'>nesci</span> <span class='ocrx_word' id='word_1_146' title='bbox 263 2010 271 2041; x_wconf 92' lang='lat'>,</span> <span class='ocrx_word' id='word_1_147' title='bbox 293 1962 349 2025; x_wconf 89' lang='lat' dir='ltr'>sed</span> <span class='ocrx_word' id='word_1_148' title='bbox 360 1975 463 2024; x_wconf 89' lang='lat' dir='ltr'>tamen</span> <span class='ocrx_word' id='word_1_149' title='bbox 474 1968 506 2023; x_wconf 93' lang='lat' dir='ltr'>in</span> <span class='ocrx_word' id='word_1_150' title='bbox 518 1968 692 2024; x_wconf 81' lang='lat' dir='ltr'>Heraclium</span> <span class='ocrx_word' id='word_1_151' title='bbox 706 1964 856 2024; x_wconf 83' lang='lat' dir='ltr'>transfert.</span> <span class='ocrx_word' id='word_1_152' title='bbox 879 1968 981 2046; x_wconf 91' lang='lat' dir='ltr'>itaque</span> <span class='ocrx_word' id='word_1_153' title='bbox 995 1976 1046 2024; x_wconf 89' lang='lat' dir='ltr'>aut</span> <span class='ocrx_word' id='word_1_154' title='bbox 1059 1968 1154 2026; x_wconf 87' lang='lat' dir='ltr'>inter-</span> 
     </span>
     <span class='ocr_line' id='line_1_21' title="bbox 36 2048 1154 2132; baseline 0 -20"><span class='ocrx_word' id='word_1_155' title='bbox 36 2052 164 2112; x_wconf 83' lang='lat' dir='ltr'>cidisse</span> <span class='ocrx_word' id='word_1_156' title='bbox 174 2052 292 2126; x_wconf 89' lang='lat' dir='ltr'>locum,</span> <span class='ocrx_word' id='word_1_157' title='bbox 320 2048 466 2132; x_wconf 84' lang='lat' dir='ltr'>adquam</span> <span class='ocrx_word' id='word_1_158' title='bbox 478 2049 587 2109; x_wconf 87' lang='lat' dir='ltr'>alludit</span> <span class='ocrx_word' id='word_1_159' title='bbox 598 2050 719 2126; x_wconf 85' lang='lat' dir='ltr'>Pisida,</span> <span class='ocrx_word' id='word_1_160' title='bbox 750 2048 913 2109; x_wconf 88' lang='lat' dir='ltr'>dicendum</span> <span class='ocrx_word' id='word_1_161' title='bbox 929 2060 991 2126; x_wconf 90' lang='lat' dir='ltr'>est,</span> <span class='ocrx_word' id='word_1_162' title='bbox 1023 2062 1073 2109; x_wconf 92' lang='lat' dir='ltr'>aut</span> <span class='ocrx_word' id='word_1_163' title='bbox 1088 2073 1154 2112; x_wconf 89' lang='lat' dir='ltr'>esse</span> 
     </span>
     <span class='ocr_line' id='line_1_22' title="bbox 35 2134 1152 2218; baseline 0 -20"><span class='ocrx_word' id='word_1_164' title='bbox 35 2136 192 2198; x_wconf 85' lang='lat' dir='ltr'>eiusdem</span> <span class='ocrx_word' id='word_1_165' title='bbox 217 2154 257 2195; x_wconf 87' lang='lat' dir='ltr'>ex</span> <span class='ocrx_word' id='word_1_166' title='bbox 280 2134 461 2218; x_wconf 85' lang='lat' dir='ltr'>quibusdam</span> <span class='ocrx_word' id='word_1_167' title='bbox 484 2137 584 2195; x_wconf 85' lang='lat' dir='ltr'>verbis</span> <span class='ocrx_word' id='word_1_168' title='bbox 605 2138 913 2217; x_wconf 84' lang='lat' dir='ltr'>interpretamentmn.</span> <span class='ocrx_word' id='word_1_169' title='bbox 958 2148 1090 2197; x_wconf 90' lang='lat' dir='ltr'>ceterum</span> <span class='ocrx_word' id='word_1_170' title='bbox 1111 2159 1152 2199; x_wconf 88' lang='lat' dir='ltr'>ue</span> 
     </span>
     <span class='ocr_line' id='line_1_23' title="bbox 35 2213 1153 2305; baseline 0.002 -22"><span class='ocrx_word' id='word_1_171' title='bbox 35 2242 175 2305; x_wconf 86' lang='lat' dir='ltr'>prorsus</span> <span class='ocrx_word' id='word_1_172' title='bbox 197 2213 384 2302; x_wconf 70' lang='grc' dir='ltr'><strong><em>ἅσῦμβουλοι</em></strong></span> <span class='ocrx_word' id='word_1_173' title='bbox 402 2219 474 2280; x_wconf 89' lang='lat' dir='ltr'>hinc</span> <span class='ocrx_word' id='word_1_174' title='bbox 494 2219 701 2299; x_wconf 77' lang='lat' dir='ltr'>discedamus,</span> <span class='ocrx_word' id='word_1_175' title='bbox 735 2220 823 2281; x_wconf 88' lang='lat' dir='ltr'>detur</span> <span class='ocrx_word' id='word_1_176' title='bbox 844 2225 1030 2283; x_wconf 87' lang='lat' dir='ltr'>coniecturae</span> <span class='ocrx_word' id='word_1_177' title='bbox 1054 2225 1153 2285; x_wconf 86' lang='lat' dir='ltr'>locus.</span> 
     </span>
     <span class='ocr_line' id='line_1_24' title="bbox 34 2304 1151 2390; baseline -0.001 -20"><span class='ocrx_word' id='word_1_178' title='bbox 34 2315 156 2389; x_wconf 88' lang='lat' dir='ltr'>itaque</span> <span class='ocrx_word' id='word_1_179' title='bbox 175 2308 218 2367; x_wconf 88' lang='lat' dir='ltr'>sic</span> <span class='ocrx_word' id='word_1_180' title='bbox 239 2304 380 2365; x_wconf 88' lang='lat' dir='ltr'>hsriolor.</span> <span class='ocrx_word' id='word_1_181' title='bbox 430 2307 622 2367; x_wconf 83' lang='lat' dir='ltr'>Ptolemaeus</span> <span class='ocrx_word' id='word_1_182' title='bbox 637 2328 717 2366; x_wconf 81' lang='lat' dir='ltr'>cum</span> <span class='ocrx_word' id='word_1_183' title='bbox 736 2308 826 2386; x_wconf 87' lang='lat' dir='ltr'>plane</span> <span class='ocrx_word' id='word_1_184' title='bbox 848 2319 984 2367; x_wconf 89' lang='lat' dir='ltr'>nosceret</span> <span class='ocrx_word' id='word_1_185' title='bbox 1006 2320 1151 2390; x_wconf 86' lang='lat' dir='ltr'>quantum</span> 
     </span>
     <span class='ocr_line' id='line_1_25' title="bbox 35 2389 1152 2469; baseline 0 -14"><span class='ocrx_word' id='word_1_186' title='bbox 35 2406 171 2456; x_wconf 84' lang='lat' dir='ltr'>veteres</span> <span class='ocrx_word' id='word_1_187' title='bbox 192 2393 370 2469; x_wconf 85' lang='lat' dir='ltr'>astronomi,</span> <span class='ocrx_word' id='word_1_188' title='bbox 399 2390 546 2451; x_wconf 84' lang='lat' dir='ltr'>Eudoxus</span> <span class='ocrx_word' id='word_1_189' title='bbox 567 2389 781 2452; x_wconf 82' lang='lat' dir='ltr'>Eratosthenes</span> <span class='ocrx_word' id='word_1_190' title='bbox 802 2394 947 2451; x_wconf 82' lang='lat' dir='ltr'>Geminus</span> <span class='ocrx_word' id='word_1_191' title='bbox 969 2396 1103 2453; x_wconf 86' lang='lat' dir='ltr'>Marinus</span> <span class='ocrx_word' id='word_1_192' title='bbox 1121 2404 1152 2455; x_wconf 88' lang='lat' dir='ltr'>et</span> 
     </span>
     <span class='ocr_line' id='line_1_26' title="bbox 36 2476 1151 2558; baseline -0.002 -18"><span class='ocrx_word' id='word_1_193' title='bbox 36 2483 119 2556; x_wconf 83' lang='lat' dir='ltr'>alii,</span> <span class='ocrx_word' id='word_1_194' title='bbox 154 2479 235 2536; x_wconf 86' lang='lat' dir='ltr'>inter</span> <span class='ocrx_word' id='word_1_195' title='bbox 252 2496 285 2537; x_wconf 84' lang='lat' dir='ltr'>se</span> <span class='ocrx_word' id='word_1_196' title='bbox 305 2476 458 2556; x_wconf 88' lang='lat' dir='ltr'>disparent</span> <span class='ocrx_word' id='word_1_197' title='bbox 471 2479 504 2535; x_wconf 89' lang='lat' dir='ltr'>in</span> <span class='ocrx_word' id='word_1_198' title='bbox 516 2478 614 2557; x_wconf 85' lang='lat' dir='ltr'>polari</span> <span class='ocrx_word' id='word_1_199' title='bbox 626 2479 713 2537; x_wconf 89' lang='lat' dir='ltr'>stella</span> <span class='ocrx_word' id='word_1_200' title='bbox 730 2476 914 2551; x_wconf 86' lang='lat' dir='ltr'>definienda,</span> <span class='ocrx_word' id='word_1_201' title='bbox 942 2498 999 2537; x_wconf 92' lang='lat' dir='ltr'>nec</span> <span class='ocrx_word' id='word_1_202' title='bbox 1013 2480 1078 2558; x_wconf 85' lang='lat' dir='ltr'>ipse</span> <span class='ocrx_word' id='word_1_203' title='bbox 1091 2480 1151 2537; x_wconf 82' lang='lat' dir='ltr'>ali-</span> 
     </span>
     <span class='ocr_line' id='line_1_27' title="bbox 35 2561 1150 2643; baseline -0.004 -15"><span class='ocrx_word' id='word_1_204' title='bbox 35 2568 135 2628; x_wconf 87' lang='lat' dir='ltr'>cuius</span> <span class='ocrx_word' id='word_1_205' title='bbox 151 2565 287 2643; x_wconf 89' lang='lat' dir='ltr'>opinioni</span> <span class='ocrx_word' id='word_1_206' title='bbox 302 2564 392 2622; x_wconf 84' lang='lat' dir='ltr'>facile</span> <span class='ocrx_word' id='word_1_207' title='bbox 406 2565 607 2639; x_wconf 77' lang='lat' dir='ltr'>mentiretur,</span> <span class='ocrx_word' id='word_1_208' title='bbox 634 2563 762 2623; x_wconf 86' lang='lat' dir='ltr'>fortasse</span> <span class='ocrx_word' id='word_1_209' title='bbox 774 2563 885 2621; x_wconf 89' lang='lat' dir='ltr'>alicubi</span> <span class='ocrx_word' id='word_1_210' title='bbox 897 2561 978 2621; x_wconf 87' lang='lat' dir='ltr'>dixit</span> <span class='ocrx_word' id='word_1_211' title='bbox 989 2562 1054 2622; x_wconf 79' lang='lat' dir='ltr'>fore</span> <span class='ocrx_word' id='word_1_212' title='bbox 1070 2574 1150 2624; x_wconf 87' lang='lat' dir='ltr'>tem-</span> 
     </span>
     <span class='ocr_line' id='line_1_28' title="bbox 32 2646 1150 2733; baseline -0.002 -21"><span class='ocrx_word' id='word_1_213' title='bbox 32 2673 102 2733; x_wconf 88' lang='lat' dir='ltr'>pus</span> <span class='ocrx_word' id='word_1_214' title='bbox 120 2666 187 2733; x_wconf 86' lang='lat' dir='ltr'>quo</span> <span class='ocrx_word' id='word_1_215' title='bbox 201 2649 289 2728; x_wconf 89' lang='lat' dir='ltr'>polus</span> <span class='ocrx_word' id='word_1_216' title='bbox 302 2649 393 2725; x_wconf 90' lang='lat' dir='ltr'>alter,</span> <span class='ocrx_word' id='word_1_217' title='bbox 425 2668 460 2706; x_wconf 91' lang='lat' dir='ltr'>ao</span> <span class='ocrx_word' id='word_1_218' title='bbox 478 2649 568 2728; x_wconf 88' lang='lat' dir='ltr'>plane</span> <span class='ocrx_word' id='word_1_219' title='bbox 584 2648 621 2707; x_wconf 86' lang='lat' dir='ltr'>ab</span> <span class='ocrx_word' id='word_1_220' title='bbox 637 2669 674 2709; x_wconf 89' lang='lat' dir='ltr'>eo</span> <span class='ocrx_word' id='word_1_221' title='bbox 686 2646 821 2709; x_wconf 83' lang='lat' dir='ltr'>diversus</span> <span class='ocrx_word' id='word_1_222' title='bbox 837 2651 889 2730; x_wconf 88' lang='lat' dir='ltr'>qui</span> <span class='ocrx_word' id='word_1_223' title='bbox 904 2658 976 2707; x_wconf 89' lang='lat' dir='ltr'>tunc</span> <span class='ocrx_word' id='word_1_224' title='bbox 990 2668 1056 2709; x_wconf 84' lang='lat' dir='ltr'>esse</span> <span class='ocrx_word' id='word_1_225' title='bbox 1069 2651 1150 2711; x_wconf 82' lang='lat' dir='ltr'>iere-</span> 
     </span>
     <span class='ocr_line' id='line_1_29' title="bbox 32 2731 1150 2816; baseline -0.002 -19"><span class='ocrx_word' id='word_1_226' title='bbox 32 2741 148 2812; x_wconf 87' lang='lat' dir='ltr'>batur,</span> <span class='ocrx_word' id='word_1_227' title='bbox 170 2736 341 2813; x_wconf 86' lang='lat' dir='ltr'>sapientum</span> <span class='ocrx_word' id='word_1_228' title='bbox 352 2731 465 2793; x_wconf 89' lang='lat' dir='ltr'>iudicio</span> <span class='ocrx_word' id='word_1_229' title='bbox 478 2737 557 2794; x_wconf 91' lang='lat' dir='ltr'>inter</span> <span class='ocrx_word' id='word_1_230' title='bbox 566 2731 705 2795; x_wconf 86' lang='lat' dir='ltr'>homines</span> <span class='ocrx_word' id='word_1_231' title='bbox 718 2736 954 2794; x_wconf 84' lang='lat' dir='ltr'>constitueretur.</span> <span class='ocrx_word' id='word_1_232' title='bbox 983 2754 1060 2816; x_wconf 91' lang='lat' dir='ltr'>quae</span> <span class='ocrx_word' id='word_1_233' title='bbox 1077 2756 1150 2796; x_wconf 89' lang='lat' dir='ltr'>cou-</span> 
     </span>
     <span class='ocr_line' id='line_1_30' title="bbox 33 2819 1149 2903; baseline 0 -20"><span class='ocrx_word' id='word_1_234' title='bbox 33 2828 198 2883; x_wconf 82' lang='lat' dir='ltr'>iecturam</span> <span class='ocrx_word' id='word_1_235' title='bbox 219 2819 391 2879; x_wconf 82' lang='lat' dir='ltr'>confirmare</span> <span class='ocrx_word' id='word_1_236' title='bbox 403 2831 542 2900; x_wconf 87' lang='lat' dir='ltr'>possent,</span> <span class='ocrx_word' id='word_1_237' title='bbox 570 2819 681 2881; x_wconf 81' lang='lat' dir='ltr'>videsis</span> <span class='ocrx_word' id='word_1_238' title='bbox 694 2824 728 2880; x_wconf 89' lang='lat' dir='ltr'>in</span> <span class='ocrx_word' id='word_1_239' title='bbox 742 2822 858 2881; x_wconf 75' lang='lat' dir='ltr'>Patavii</span> <span class='ocrx_word' id='word_1_240' title='bbox 874 2820 1057 2903; x_wconf 81' lang='lat' dir='ltr'>Urouclogio</span> <span class='ocrx_word' id='word_1_241' title='bbox 1073 2822 1149 2883; x_wconf 72' lang='lat' dir='ltr'>Dis-</span> 
     </span>
     <span class='ocr_line' id='line_1_31' title="bbox 35 2904 539 2986; baseline -0.002 -20"><span class='ocrx_word' id='word_1_242' title='bbox 35 2919 116 2969; x_wconf 74' lang='lat' dir='ltr'>sm.</span> <span class='ocrx_word' id='word_1_243' title='bbox 139 2906 218 2967; x_wconf 84' lang='lat' dir='ltr'>Var.</span> <span class='ocrx_word' id='word_1_244' title='bbox 235 2904 289 2963; x_wconf 76' lang='lat' dir='ltr'>lib.</span> <span class='ocrx_word' id='word_1_245' title='bbox 305 2910 324 2970; x_wconf 81' lang='grc'><strong>8</strong></span> <span class='ocrx_word' id='word_1_246' title='bbox 339 2926 367 2964; x_wconf 85' lang='lat' dir='ltr'>c.</span> <span class='ocrx_word' id='word_1_247' title='bbox 383 2905 404 2971; x_wconf 81' lang='grc'><strong>4</strong></span> <span class='ocrx_word' id='word_1_248' title='bbox 419 2916 449 2963; x_wconf 83' lang='lat' dir='ltr'>et</span> <span class='ocrx_word' id='word_1_249' title='bbox 458 2926 539 2986; x_wconf 84' lang='lat' dir='ltr'>seqq.</span> 
     </span>
    </p>

    <p class='ocr_par' dir='ltr' id='par_1_8' title="bbox 35 2988 1151 3163">
     <span class='ocr_line' id='line_1_32' title="bbox 133 2988 1149 3074; baseline 0 -25"><span class='ocrx_word' id='word_1_250' title='bbox 133 2994 212 3058; x_wconf 78' lang='grc'><strong>880.</strong></span> <span class='ocrx_word' id='word_1_251' title='bbox 254 2989 378 3066; x_wconf 85' lang='lat' dir='ltr'>alludit,</span> <span class='ocrx_word' id='word_1_252' title='bbox 406 2992 527 3071; x_wconf 90' lang='lat' dir='ltr'>opinor,</span> <span class='ocrx_word' id='word_1_253' title='bbox 558 2988 598 3050; x_wconf 91' lang='lat' dir='ltr'>ad</span> <span class='ocrx_word' id='word_1_254' title='bbox 609 3001 740 3051; x_wconf 87' lang='lat' dir='ltr'>metrum</span> <span class='ocrx_word' id='word_1_255' title='bbox 754 2991 934 3068; x_wconf 88' lang='lat' dir='ltr'>iambicum,</span> <span class='ocrx_word' id='word_1_256' title='bbox 963 3010 1023 3074; x_wconf 90' lang='lat' dir='ltr'>quo</span> <span class='ocrx_word' id='word_1_257' title='bbox 1039 2992 1149 3065; x_wconf 79' lang='lat' dir='ltr'>utitur3</span> 
     </span>
     <span class='ocr_line' id='line_1_33' title="bbox 35 3075 1151 3163; baseline -0.003 -24"><span class='ocrx_word' id='word_1_258' title='bbox 35 3080 138 3163; x_wconf 87' lang='lat' dir='ltr'>quasi</span> <span class='ocrx_word' id='word_1_259' title='bbox 152 3075 234 3137; x_wconf 81' lang='lat' dir='ltr'>diost</span> <span class='ocrx_word' id='word_1_260' title='bbox 246 3086 330 3157; x_wconf 84' lang='lat' dir='ltr'>gesta</span> <span class='ocrx_word' id='word_1_261' title='bbox 341 3078 473 3137; x_wconf 83' lang='lat' dir='ltr'>Heraclii</span> <span class='ocrx_word' id='word_1_262' title='bbox 486 3078 570 3158; x_wconf 82' lang='lat' dir='ltr'>spico</span> <span class='ocrx_word' id='word_1_263' title='bbox 583 3078 715 3137; x_wconf 89' lang='lat' dir='ltr'>carmine</span> <span class='ocrx_word' id='word_1_264' title='bbox 729 3078 838 3138; x_wconf 86' lang='lat' dir='ltr'>melius</span> <span class='ocrx_word' id='word_1_265' title='bbox 853 3088 883 3138; x_wconf 90' lang='lat' dir='ltr'>et</span> <span class='ocrx_word' id='word_1_266' title='bbox 894 3076 1014 3157; x_wconf 89' lang='lat' dir='ltr'>dignius</span> <span class='ocrx_word' id='word_1_267' title='bbox 1030 3078 1151 3136; x_wconf 87' lang='lat' dir='ltr'>tractari</span> 
     </span>
    </p>

    <p class='ocr_par' dir='ltr' id='par_1_9' title="bbox 33 3167 1111 3333">
     <span class='ocr_line' id='line_1_34' title="bbox 78 3167 198 3227; baseline -0.033 0"><span class='ocrx_word' id='word_1_268' title='bbox 78 3167 198 3227; x_wconf 80' lang='lat' dir='ltr'>tuisse.</span> 
     </span>
     <span class='ocr_line' id='line_1_35' title="bbox 33 3186 1111 3333; baseline -0.003 -24"><span class='ocrx_word' id='word_1_269' title='bbox 33 3186 79 3248; x_wconf 89' lang='lat' dir='ltr'>P⁰</span> <span class='ocrx_word' id='word_1_270' title='bbox 133 3252 213 3316; x_wconf 80' lang='grc'><strong>889.</strong></span> <span class='ocrx_word' id='word_1_271' title='bbox 255 3249 448 3333; x_wconf 77' lang='lat' dir='ltr'>confer-quse</span> <span class='ocrx_word' id='word_1_272' title='bbox 461 3250 866 3333; x_wconf 78' lang='lat' dir='ltr'>sequunturoumHesaem.</span> <span class='ocrx_word' id='word_1_273' title='bbox 884 3246 926 3315; x_wconf 80' lang='lat'>8⁵</span> <span class='ocrx_word' id='word_1_274' title='bbox 938 3258 1062 3329; x_wconf 83' lang='lat' dir='ltr'>etseqq.</span> <span class='ocrx_word' id='word_1_275' title='bbox 1108 3258 1111 3271; x_wconf 85' lang='lat'><strong>¹</strong></span> 
     </span>
    </p>

    <p class='ocr_par' dir='ltr' id='par_1_10' title="bbox 130 3332 484 3402">
     <span class='ocr_line' id='line_1_36' title="bbox 130 3332 484 3402; baseline -0.025 0"><span class='ocrx_word' id='word_1_276' title='bbox 130 3338 211 3402; x_wconf 73' lang='lat'><strong>896·</strong></span> <span class='ocrx_word' id='word_1_277' title='bbox 255 3336 373 3401; x_wconf 62' lang='lat' dir='ltr'>1ae00r.</span> <span class='ocrx_word' id='word_1_278' title='bbox 392 3338 431 3398; x_wconf 78' lang='lat'>12</span> <span class='ocrx_word' id='word_1_279' title='bbox 452 3332 484 3397; x_wconf 80' lang='grc'><strong>4.</strong></span> 
     </span>
    </p>

    <p class='ocr_par' dir='ltr' id='par_1_11' title="bbox 31 3414 1153 4019">
     <span class='ocr_line' id='line_1_37' title="bbox 132 3414 1152 3499; baseline -0.003 -20"><span class='ocrx_word' id='word_1_280' title='bbox 132 3419 212 3485; x_wconf 77' lang='grc'><strong>407.</strong></span> <span class='ocrx_word' id='word_1_281' title='bbox 252 3419 356 3479; x_wconf 87' lang='lat' dir='ltr'>Pisida</span> <span class='ocrx_word' id='word_1_282' title='bbox 376 3430 493 3480; x_wconf 85' lang='lat' dir='ltr'>veteres</span> <span class='ocrx_word' id='word_1_283' title='bbox 506 3420 608 3499; x_wconf 84' lang='lat' dir='ltr'>culpas</span> <span class='ocrx_word' id='word_1_284' title='bbox 621 3420 753 3479; x_wconf 83' lang='lat' dir='ltr'>Heraclii</span> <span class='ocrx_word' id='word_1_285' title='bbox 766 3420 927 3479; x_wconf 88' lang='lat' dir='ltr'>nominans</span> <span class='ocrx_word' id='word_1_286' title='bbox 940 3418 1048 3477; x_wconf 86' lang='lat' dir='ltr'>tacitus</span> <span class='ocrx_word' id='word_1_287' title='bbox 1063 3414 1152 3477; x_wconf 83' lang='lat' dir='ltr'>ride-</span> 
     </span>
     <span class='ocr_line' id='line_1_38' title="bbox 35 3499 1151 3588; baseline -0.003 -22"><span class='ocrx_word' id='word_1_288' title='bbox 35 3522 92 3571; x_wconf 88' lang='lat' dir='ltr'>tur</span> <span class='ocrx_word' id='word_1_289' title='bbox 110 3502 336 3587; x_wconf 78' lang='lat' dir='ltr'>reprehendere</span> <span class='ocrx_word' id='word_1_290' title='bbox 348 3499 468 3565; x_wconf 91' lang='lat' dir='ltr'>illicitas</span> <span class='ocrx_word' id='word_1_291' title='bbox 480 3508 615 3584; x_wconf 87' lang='lat' dir='ltr'>nuptias,</span> <span class='ocrx_word' id='word_1_292' title='bbox 638 3526 713 3588; x_wconf 89' lang='lat' dir='ltr'>quas</span> <span class='ocrx_word' id='word_1_293' title='bbox 727 3506 780 3565; x_wconf 92' lang='lat' dir='ltr'>illa</span> <span class='ocrx_word' id='word_1_294' title='bbox 794 3526 863 3565; x_wconf 90' lang='lat' dir='ltr'>cum</span> <span class='ocrx_word' id='word_1_295' title='bbox 877 3504 938 3564; x_wconf 84' lang='lat' dir='ltr'>lilia</span> <span class='ocrx_word' id='word_1_296' title='bbox 952 3507 1062 3563; x_wconf 86' lang='lat' dir='ltr'>sororis</span> <span class='ocrx_word' id='word_1_297' title='bbox 1079 3523 1151 3563; x_wconf 88' lang='lat' dir='ltr'>suae</span> 
     </span>
     <span class='ocr_line' id='line_1_39' title="bbox 37 3588 1152 3671; baseline -0.008 -17"><span class='ocrx_word' id='word_1_298' title='bbox 37 3594 212 3657; x_wconf 82' lang='lat' dir='ltr'>contraxit.</span> <span class='ocrx_word' id='word_1_299' title='bbox 241 3610 306 3651; x_wconf 87' lang='lat' dir='ltr'>rem</span> <span class='ocrx_word' id='word_1_300' title='bbox 316 3593 425 3651; x_wconf 69' lang='lat' dir='ltr'>acriter</span> <span class='ocrx_word' id='word_1_301' title='bbox 435 3594 568 3670; x_wconf 87' lang='lat' dir='ltr'>exagitat</span> <span class='ocrx_word' id='word_1_302' title='bbox 580 3588 766 3671; x_wconf 86' lang='lat' dir='ltr'>Nicephorus</span> <span class='ocrx_word' id='word_1_303' title='bbox 782 3592 836 3671; x_wconf 80' lang='lat' dir='ltr'>Cp</span> <span class='ocrx_word' id='word_1_304' title='bbox 847 3612 884 3670; x_wconf 85' lang='lat' dir='ltr'>p.</span> <span class='ocrx_word' id='word_1_305' title='bbox 906 3595 961 3664; x_wconf 83' lang='lat'>103</span> <span class='ocrx_word' id='word_1_306' title='bbox 985 3592 1037 3671; x_wconf 88' lang='lat' dir='ltr'>qui</span> <span class='ocrx_word' id='word_1_307' title='bbox 1049 3598 1152 3647; x_wconf 86' lang='lat' dir='ltr'>tamen</span> 
     </span>
     <span class='ocr_line' id='line_1_40' title="bbox 31 3673 1151 3757; baseline -0.01 -16"><span class='ocrx_word' id='word_1_308' title='bbox 31 3679 122 3741; x_wconf 87' lang='lat' dir='ltr'>illud</span> <span class='ocrx_word' id='word_1_309' title='bbox 135 3675 242 3753; x_wconf 89' lang='lat' dir='ltr'>addit,</span> <span class='ocrx_word' id='word_1_310' title='bbox 273 3676 379 3757; x_wconf 80' lang='lat' dir='ltr'>Sergio</span> <span class='ocrx_word' id='word_1_311' title='bbox 394 3675 589 3736; x_wconf 78' lang='lat' dir='ltr'>vehementer</span> <span class='ocrx_word' id='word_1_312' title='bbox 607 3678 732 3736; x_wconf 86' lang='lat' dir='ltr'>instanti</span> <span class='ocrx_word' id='word_1_313' title='bbox 745 3677 934 3735; x_wconf 85' lang='lat' dir='ltr'>ut&#39;scelestae</span> <span class='ocrx_word' id='word_1_314' title='bbox 949 3676 1072 3755; x_wconf 84' lang='lat' dir='ltr'>nuptiae</span> <span class='ocrx_word' id='word_1_315' title='bbox 1087 3673 1151 3733; x_wconf 90' lang='lat' dir='ltr'>sol-</span> 
     </span>
     <span class='ocr_line' id='line_1_41' title="bbox 32 3752 1153 3843; baseline -0.008 -16"><span class='ocrx_word' id='word_1_316' title='bbox 32 3775 200 3840; x_wconf 77' lang='lat' dir='ltr'>verentur,</span> <span class='ocrx_word' id='word_1_317' title='bbox 221 3763 395 3822; x_wconf 82' lang='lat' dir='ltr'>Heraclimn</span> <span class='ocrx_word' id='word_1_318' title='bbox 409 3764 451 3821; x_wconf 90' lang='lat' dir='ltr'>ita</span> <span class='ocrx_word' id='word_1_319' title='bbox 466 3760 674 3843; x_wconf 82' lang='lat' dir='ltr'>respondisse:</span> <span class='ocrx_word' id='word_1_320' title='bbox 699 3760 741 3836; x_wconf 74' lang='lat' dir='ltr'>eir</span> <span class='ocrx_word' id='word_1_321' title='bbox 755 3753 789 3825; x_wconf 77' lang='lat' dir='ltr'>sd</span> <span class='ocrx_word' id='word_1_322' title='bbox 801 3758 857 3841; x_wconf 75' lang='grc' dir='ltr'>μὲν</span> <span class='ocrx_word' id='word_1_323' title='bbox 871 3760 932 3839; x_wconf 65' lang='grc' dir='ltr'>ἔχοι</span> <span class='ocrx_word' id='word_1_324' title='bbox 949 3754 985 3821; x_wconf 71' lang='lat' dir='ltr'>aa*</span> <span class='ocrx_word' id='word_1_325' title='bbox 1002 3752 1084 3840; x_wconf 75' lang='grc' dir='ltr'>παρά</span> <span class='ocrx_word' id='word_1_326' title='bbox 1103 3776 1153 3821; x_wconf 84' lang='grc' dir='ltr'>σοι</span> 
     </span>
     <span class='ocr_line' id='line_1_42' title="bbox 32 3838 1135 3957; baseline -0.013 -40"><span class='ocrx_word' id='word_1_327' title='bbox 32 3846 212 3935; x_wconf 71' lang='grc' dir='ltr'><strong><em>λεγόμενα·</em></strong></span> <span class='ocrx_word' id='word_1_328' title='bbox 232 3844 253 3913; x_wconf 81' lang='lat' dir='ltr'>d</span> <span class='ocrx_word' id='word_1_329' title='bbox 263 3843 321 3932; x_wconf 72' lang='grc' dir='ltr'>γάρ</span> <span class='ocrx_word' id='word_1_330' title='bbox 336 3866 384 3912; x_wconf 78' lang='lat' dir='ltr'>cos</span> <span class='ocrx_word' id='word_1_331' title='bbox 396 3846 481 3930; x_wconf 71' lang='grc' dir='ltr'><strong><em>χρέος</em></strong></span> <span class='ocrx_word' id='word_1_332' title='bbox 493 3848 534 3923; x_wconf 72' lang='lat' dir='ltr'>sir</span> <span class='ocrx_word' id='word_1_333' title='bbox 547 3842 680 3957; x_wconf 65' lang='lat' dir='ltr'>dpgtspti&#39;</span> <span class='ocrx_word' id='word_1_334' title='bbox 689 3847 741 3909; x_wconf 78' lang='lat' dir='ltr'>sal</span> <span class='ocrx_word' id='word_1_335' title='bbox 754 3848 844 3931; x_wconf 71' lang='lat' dir='ltr'>clip,</span> <span class='ocrx_word' id='word_1_336' title='bbox 864 3840 926 3927; x_wconf 74' lang='grc' dir='ltr'>ἤδη</span> <span class='ocrx_word' id='word_1_337' title='bbox 940 3838 1135 3918; x_wconf 68' lang='lat' dir='ltr'>(insidiosae</span> 
     </span>
     <span class='ocr_line' id='line_1_43' title="bbox 32 3925 823 4019; baseline -0.001 -21"><span class='ocrx_word' id='word_1_338' title='bbox 32 3933 92 4019; x_wconf 67' lang='grc' dir='ltr'>ἔφ’</span> <span class='ocrx_word' id='word_1_339' title='bbox 106 3934 192 4019; x_wconf 74' lang='grc' dir='ltr'>ἡμῖν</span> <span class='ocrx_word' id='word_1_340' title='bbox 205 3930 241 3997; x_wconf 71' lang='lat' dir='ltr'>di</span> <span class='ocrx_word' id='word_1_341' title='bbox 252 3929 287 3997; x_wconf 77' lang='lat' dir='ltr'>td</span> <span class='ocrx_word' id='word_1_342' title='bbox 301 3932 408 3999; x_wconf 65' lang='lat' dir='ltr'>tocco</span> <span class='ocrx_word' id='word_1_343' title='bbox 421 3935 550 3997; x_wconf 72' lang='grc' dir='ltr'>κείσεται</span> <span class='ocrx_word' id='word_1_344' title='bbox 561 3956 597 3997; x_wconf 81' lang='grc' dir='ltr'>τα</span> <span class='ocrx_word' id='word_1_345' title='bbox 612 3938 667 4015; x_wconf 74' lang='grc' dir='ltr'>τῆς</span> <span class='ocrx_word' id='word_1_346' title='bbox 678 3925 823 4017; x_wconf 71' lang='grc' dir='ltr'>πράξεως.</span> 
     </span>
    </p>

    <p class='ocr_par' dir='ltr' id='par_1_12' title="bbox 130 4018 488 4100">
     <span class='ocr_line' id='line_1_44' title="bbox 130 4018 488 4100; baseline -0.017 -15"><span class='ocrx_word' id='word_1_347' title='bbox 130 4024 209 4085; x_wconf 70' lang='lat'>412</span> <span class='ocrx_word' id='word_1_348' title='bbox 252 4018 332 4100; x_wconf 80' lang='lat' dir='ltr'>Reg-</span> <span class='ocrx_word' id='word_1_349' title='bbox 350 4018 372 4083; x_wconf 84' lang='grc'><strong>4</strong></span> <span class='ocrx_word' id='word_1_350' title='bbox 393 4022 414 4084; x_wconf 78' lang='lat'>2</span> <span class='ocrx_word' id='word_1_351' title='bbox 439 4023 488 4082; x_wconf 89' lang='lat'>11.</span> 
     </span>
    </p>

    <p class='ocr_par' dir='ltr' id='par_1_13' title="bbox 34 4096 1154 4357">
     <span class='ocr_line' id='line_1_45' title="bbox 132 4096 1154 4184; baseline -0.016 -15"><span class='ocrx_word' id='word_1_352' title='bbox 132 4104 210 4171; x_wconf 73' lang='grc'><strong>416.</strong></span> <span class='ocrx_word' id='word_1_353' title='bbox 252 4104 351 4163; x_wconf 76' lang='lat' dir='ltr'>Etod-</span> <span class='ocrx_word' id='word_1_354' title='bbox 370 4106 408 4169; x_wconf 87' lang='grc'>18</span> <span class='ocrx_word' id='word_1_355' title='bbox 431 4107 480 4168; x_wconf 83' lang='grc'><strong>11.</strong></span> <span class='ocrx_word' id='word_1_356' title='bbox 504 4104 670 4163; x_wconf 86' lang='lat' dir='ltr'>communis</span> <span class='ocrx_word' id='word_1_357' title='bbox 686 4112 732 4162; x_wconf 84' lang='lat' dir='ltr'>est</span> <span class='ocrx_word' id='word_1_358' title='bbox 743 4112 863 4184; x_wconf 89' lang='lat' dir='ltr'>patrum</span> <span class='ocrx_word' id='word_1_359' title='bbox 876 4098 1023 4162; x_wconf 87' lang='lat' dir='ltr'>sententia</span> <span class='ocrx_word' id='word_1_360' title='bbox 1036 4096 1154 4155; x_wconf 82' lang='lat' dir='ltr'>Mosam</span> 
     </span>
     <span class='ocr_line' id='line_1_46' title="bbox 34 4182 1153 4269; baseline -0.011 -16"><span class='ocrx_word' id='word_1_361' title='bbox 34 4198 69 4253; x_wconf 90' lang='lat' dir='ltr'>in</span> <span class='ocrx_word' id='word_1_362' title='bbox 85 4193 209 4252; x_wconf 81' lang='lat' dir='ltr'>vertice</span> <span class='ocrx_word' id='word_1_363' title='bbox 220 4191 332 4250; x_wconf 90' lang='lat' dir='ltr'>montis</span> <span class='ocrx_word' id='word_1_364' title='bbox 347 4187 561 4249; x_wconf 87' lang='lat' dir='ltr'>extendentem</span> <span class='ocrx_word' id='word_1_365' title='bbox 571 4208 680 4249; x_wconf 90' lang='lat' dir='ltr'>manus</span> <span class='ocrx_word' id='word_1_366' title='bbox 695 4208 764 4248; x_wconf 86' lang='lat' dir='ltr'>cam</span> <span class='ocrx_word' id='word_1_367' title='bbox 775 4192 860 4269; x_wconf 78' lang='lat' dir='ltr'>virga</span> <span class='ocrx_word' id='word_1_368' title='bbox 874 4189 967 4247; x_wconf 85' lang='lat' dir='ltr'>fuisse</span> <span class='ocrx_word' id='word_1_369' title='bbox 982 4182 1153 4265; x_wconf 79' lang='lat' dir='ltr'>symbolum</span> 
     </span>
     <span class='ocr_line' id='line_1_47' title="bbox 35 4266 1153 4357; baseline -0.012 -17"><span class='ocrx_word' id='word_1_370' title='bbox 35 4278 162 4340; x_wconf 78' lang='lat' dir='ltr'>christi</span> <span class='ocrx_word' id='word_1_371' title='bbox 184 4278 218 4335; x_wconf 92' lang='lat' dir='ltr'>in</span> <span class='ocrx_word' id='word_1_372' title='bbox 239 4294 325 4335; x_wconf 86' lang='lat' dir='ltr'>cruce</span> <span class='ocrx_word' id='word_1_373' title='bbox 346 4273 523 4357; x_wconf 87' lang='lat' dir='ltr'>pendentis,</span> <span class='ocrx_word' id='word_1_374' title='bbox 552 4294 612 4356; x_wconf 83' lang='lat' dir='ltr'>quo</span> <span class='ocrx_word' id='word_1_375' title='bbox 632 4294 741 4336; x_wconf 88' lang='lat' dir='ltr'>manus</span> <span class='ocrx_word' id='word_1_376' title='bbox 761 4293 832 4336; x_wconf 85' lang='lat' dir='ltr'>suas</span> <span class='ocrx_word' id='word_1_377' title='bbox 851 4276 883 4333; x_wconf 90' lang='lat' dir='ltr'>in</span> <span class='ocrx_word' id='word_1_378' title='bbox 898 4274 981 4352; x_wconf 89' lang='lat' dir='ltr'>ligno</span> <span class='ocrx_word' id='word_1_379' title='bbox 996 4288 1051 4351; x_wconf 91' lang='lat' dir='ltr'>pro</span> <span class='ocrx_word' id='word_1_380' title='bbox 1066 4266 1153 4329; x_wconf 87' lang='lat' dir='ltr'>uobis</span> 
     </span>
    </p>
   </div>
   <div class='ocr_carea' id='block_1_3' title="bbox 82 4376 945 4457">
    <p class='ocr_par' dir='ltr' id='par_1_14' title="bbox 82 4376 945 4457">
     <span class='ocr_line' id='line_1_48' title="bbox 82 4376 945 4457; baseline -0.007 -14"><span class='ocrx_word' id='word_1_381' title='bbox 82 4388 193 4457; x_wconf 65' lang='grc' dir='ltr'><strong>(ἕως.</strong></span> <span class='ocrx_word' id='word_1_382' title='bbox 215 4384 299 4441; x_wconf 80' lang='lat' dir='ltr'>Pisid.</span> <span class='ocrx_word' id='word_1_383' title='bbox 907 4376 945 4437; x_wconf 90' lang='lat'>11</span> 
     </span>
    </p>
   </div>
   <div class='ocr_carea' id='block_1_4' title="bbox 0 0 1415 4709">
    <p class='ocr_par' dir='ltr' id='par_1_15' title="bbox 0 0 1415 4709">
     <span class='ocr_line' id='line_1_49' title="bbox 0 0 1415 4709; baseline 0 0"><span class='ocrx_word' id='word_1_384' title='bbox 0 0 1415 4709; x_wconf 95' lang='lat' dir='ltr'> </span> 
     </span>
    </p>
   </div>
  </div>
 </body>
</html>
