<?xml version="1.0" encoding="UTF-8"?>
<!DOCTYPE html PUBLIC "-//W3C//DTD XHTML 1.0 Transitional//EN"
    "http://www.w3.org/TR/xhtml1/DTD/xhtml1-transitional.dtd">
<html xmlns="http://www.w3.org/1999/xhtml" xml:lang="en" lang="en">
 <head>
  <title>
</title>
<meta http-equiv="Content-Type" content="text/html;charset=utf-8" />
  <meta name='ocr-system' content='tesseract 3.04.00' />
  <meta name='ocr-capabilities' content='ocr_page ocr_carea ocr_par ocr_line ocrx_word'/>
</head>
<body>
  <div class='ocr_page' id='page_1' title='image "./corpusscriptoru71theogoog/corpusscriptoru71theogoog_0426.png"; bbox 0 0 2792 4709; ppageno 0'>
   <div class='ocr_carea' id='block_1_1' title="bbox 225 174 1064 262">
    <p class='ocr_par' dir='ltr' id='par_1_1' title="bbox 225 174 1064 262">
     <span class='ocr_line' id='line_1_1' title="bbox 225 174 1064 262; baseline -0.008 -12"><span class='ocrx_word' id='word_1_1' title='bbox 225 177 299 250; x_wconf 81' lang='lat'><strong>156</strong></span> <span class='ocrx_word' id='word_1_2' title='bbox 485 175 694 262; x_wconf 84' lang='lat' dir='ltr'><strong>QUERCIUS</strong></span> <span class='ocrx_word' id='word_1_3' title='bbox 718 175 765 244; x_wconf 76' lang='lat' dir='ltr'><strong>nt</strong></span> <span class='ocrx_word' id='word_1_4' title='bbox 788 174 1064 244; x_wconf 70' lang='lat' dir='ltr'><strong>masculinis</strong></span> 
     </span>
    </p>
   </div>
   <div class='ocr_carea' id='block_1_2' title="bbox 166 339 1335 699">
    <p class='ocr_par' dir='ltr' id='par_1_2' title="bbox 166 339 1335 522">
     <span class='ocr_line' id='line_1_2' title="bbox 224 339 1335 450; baseline -0.006 -44"><span class='ocrx_word' id='word_1_5' title='bbox 224 347 389 426; x_wconf 82' lang='lat' dir='ltr'><strong>imaginss3</strong></span> <span class='ocrx_word' id='word_1_6' title='bbox 410 345 460 404; x_wconf 87' lang='lat' dir='ltr'><strong>oui</strong></span> <span class='ocrx_word' id='word_1_7' title='bbox 471 345 515 403; x_wconf 88' lang='lat' dir='ltr'><strong>rei</strong></span> <span class='ocrx_word' id='word_1_8' title='bbox 526 353 628 424; x_wconf 88' lang='lat' dir='ltr'><strong>aperte</strong></span> <span class='ocrx_word' id='word_1_9' title='bbox 639 339 690 402; x_wconf 88' lang='lat' dir='ltr'><strong>hic</strong></span> <span class='ocrx_word' id='word_1_10' title='bbox 703 339 812 402; x_wconf 88' lang='lat' dir='ltr'><strong>alludit</strong></span> <span class='ocrx_word' id='word_1_11' title='bbox 823 349 922 423; x_wconf 74' lang='lat' dir='ltr'><strong>poeta,</strong></span> <span class='ocrx_word' id='word_1_12' title='bbox 939 341 1091 450; x_wconf 68' lang='lat' dir='ltr'><strong>pontestis</strong></span> <span class='ocrx_word' id='word_1_13' title='bbox 1102 341 1209 400; x_wconf 84' lang='lat' dir='ltr'><strong>etiam</strong></span> <span class='ocrx_word' id='word_1_14' title='bbox 1221 341 1335 400; x_wconf 69' lang='lat' dir='ltr'><strong>dmm</strong></span> 
     </span>
     <span class='ocr_line' id='line_1_3' title="bbox 166 421 1334 522; baseline -0.002 -30"><span class='ocrx_word' id='word_1_15' title='bbox 166 501 174 522; x_wconf 84' lang='lat'><strong><em>.</em></strong></span> <span class='ocrx_word' id='word_1_16' title='bbox 224 454 243 492; x_wconf 90' lang='lat' dir='ltr'><strong>a</strong></span> <span class='ocrx_word' id='word_1_17' title='bbox 256 429 445 512; x_wconf 87' lang='lat' dir='ltr'><strong>Theophane</strong></span> <span class='ocrx_word' id='word_1_18' title='bbox 452 451 489 508; x_wconf 82' lang='lat' dir='ltr'><strong>p·</strong></span> <span class='ocrx_word' id='word_1_19' title='bbox 506 431 585 494; x_wconf 82' lang='grc' dir='ltr'><strong>25οι</strong></span> <span class='ocrx_word' id='word_1_20' title='bbox 606 421 680 508; x_wconf 64' lang='lat' dir='ltr'><strong>dass</strong></span> <span class='ocrx_word' id='word_1_21' title='bbox 690 424 863 510; x_wconf 64' lang='grc' dir='ltr'><strong><em>Ἡράκλειος</em></strong></span> <span class='ocrx_word' id='word_1_22' title='bbox 871 423 933 492; x_wconf 76' lang='lat' dir='ltr'><strong>dud</strong></span> <span class='ocrx_word' id='word_1_23' title='bbox 955 429 1099 508; x_wconf 72' lang='grc' dir='ltr'><strong><em>Αφρισῆς</em></strong></span> <span class='ocrx_word' id='word_1_24' title='bbox 1108 424 1228 504; x_wconf 72' lang='grc' dir='ltr'><strong><em>φέρον</em></strong></span> <span class='ocrx_word' id='word_1_25' title='bbox 1238 431 1334 490; x_wconf 63' lang='lat' dir='ltr'><strong>am</strong></span> 
     </span>
    </p>

    <p class='ocr_par' dir='ltr' id='par_1_3' title="bbox 222 507 1334 699">
     <span class='ocr_line' id='line_1_4' title="bbox 223 507 1334 596; baseline -0.009 -14"><span class='ocrx_word' id='word_1_26' title='bbox 223 511 447 596; x_wconf 64' lang='lat' dir='ltr'><strong>motusipse</strong></span> <span class='ocrx_word' id='word_1_27' title='bbox 468 514 572 596; x_wconf 69' lang='grc' dir='ltr'><strong><em>[χοντοι</em></strong></span> <span class='ocrx_word' id='word_1_28' title='bbox 594 512 627 578; x_wconf 79' lang='lat' dir='ltr'><strong>iv</strong></span> <span class='ocrx_word' id='word_1_29' title='bbox 646 519 710 590; x_wconf 69' lang='lat' dir='ltr'><strong>soie</strong></span> <span class='ocrx_word' id='word_1_30' title='bbox 728 515 898 593; x_wconf 74' lang='grc' dir='ltr'><strong><em>ιιοιτοιριίοις</em></strong></span> <span class='ocrx_word' id='word_1_31' title='bbox 918 507 1045 596; x_wconf 61' lang='lat' dir='ltr'><strong>adsisto</strong></span> <span class='ocrx_word' id='word_1_32' title='bbox 1057 510 1110 575; x_wconf 70' lang='lat' dir='ltr'><strong>est</strong></span> <span class='ocrx_word' id='word_1_33' title='bbox 1126 508 1265 585; x_wconf 67' lang='grc' dir='ltr'><strong>εἰκόνας</strong></span> <span class='ocrx_word' id='word_1_34' title='bbox 1281 517 1334 590; x_wconf 70' lang='grc' dir='ltr'><strong>τῆς</strong></span> 
     </span>
     <span class='ocr_line' id='line_1_5' title="bbox 222 593 1332 699; baseline -0.011 -33"><span class='ocrx_word' id='word_1_35' title='bbox 222 597 427 686; x_wconf 77' lang='grc' dir='ltr'><strong><em>θιομήτορος,</em></strong></span> <span class='ocrx_word' id='word_1_36' title='bbox 448 595 524 663; x_wconf 79' lang='lat' dir='ltr'><strong>sarsi</strong></span> <span class='ocrx_word' id='word_1_37' title='bbox 536 597 589 662; x_wconf 81' lang='lat' dir='ltr'><strong>sol</strong></span> <span class='ocrx_word' id='word_1_38' title='bbox 601 597 620 662; x_wconf 83' lang='lat' dir='ltr'><strong>d</strong></span> <span class='ocrx_word' id='word_1_39' title='bbox 633 599 775 674; x_wconf 76' lang='grc' dir='ltr'><strong><em>Πισίσιος</em></strong></span> <span class='ocrx_word' id='word_1_40' title='bbox 788 593 938 682; x_wconf 68' lang='grc' dir='ltr'><strong><em>Γοιόργιος</em></strong></span> <span class='ocrx_word' id='word_1_41' title='bbox 949 598 1036 679; x_wconf 74' lang='grc' dir='ltr'><strong>λέγει.</strong></span> <span class='ocrx_word' id='word_1_42' title='bbox 1076 595 1151 656; x_wconf 84' lang='lat' dir='ltr'><strong>hino</strong></span> <span class='ocrx_word' id='word_1_43' title='bbox 1164 599 1332 699; x_wconf 71' lang='lat' dir='ltr'><strong>corrigen-</strong></span> 
     </span>
    </p>
   </div>
   <div class='ocr_carea' id='block_1_3' title="bbox 218 680 1367 1554">
    <p class='ocr_par' dir='ltr' id='par_1_4' title="bbox 222 680 1367 1024">
     <span class='ocr_line' id='line_1_6' title="bbox 225 680 1332 766; baseline -0.005 -19"><span class='ocrx_word' id='word_1_44' title='bbox 225 687 282 748; x_wconf 91' lang='lat' dir='ltr'><strong>dus</strong></span> <span class='ocrx_word' id='word_1_45' title='bbox 306 685 476 762; x_wconf 81' lang='lat' dir='ltr'><strong>Gedrenus,</strong></span> <span class='ocrx_word' id='word_1_46' title='bbox 519 687 552 744; x_wconf 91' lang='lat' dir='ltr'><strong>ui</strong></span> <span class='ocrx_word' id='word_1_47' title='bbox 572 704 642 744; x_wconf 90' lang='lat' dir='ltr'><strong>oum</strong></span> <span class='ocrx_word' id='word_1_48' title='bbox 660 691 744 766; x_wconf 83' lang='lat' dir='ltr'><strong>pene‘</strong></span> <span class='ocrx_word' id='word_1_49' title='bbox 752 683 792 743; x_wconf 82' lang='lat' dir='ltr'><strong>td</strong></span> <span class='ocrx_word' id='word_1_50' title='bbox 804 685 929 745; x_wconf 79' lang='lat' dir='ltr'><strong>verbum</strong></span> <span class='ocrx_word' id='word_1_51' title='bbox 941 680 1163 763; x_wconf 68' lang='lat' dir='ltr'><strong>Theophanem</strong></span> <span class='ocrx_word' id='word_1_52' title='bbox 1175 693 1332 742; x_wconf 83' lang='lat' dir='ltr'><strong>transcu-</strong></span> 
     </span>
     <span class='ocr_line' id='line_1_7' title="bbox 223 704 1367 868; baseline -0.001 -36"><span class='ocrx_word' id='word_1_53' title='bbox 223 774 291 848; x_wconf 89' lang='lat' dir='ltr'><strong>bat,</strong></span> <span class='ocrx_word' id='word_1_54' title='bbox 313 770 364 830; x_wconf 92' lang='lat' dir='ltr'><strong>hic</strong></span> <span class='ocrx_word' id='word_1_55' title='bbox 387 773 425 832; x_wconf 84' lang='lat' dir='ltr'><strong>ab</strong></span> <span class='ocrx_word' id='word_1_56' title='bbox 446 792 481 831; x_wconf 88' lang='lat' dir='ltr'><strong>eo</strong></span> <span class='ocrx_word' id='word_1_57' title='bbox 498 704 656 830; x_wconf 32' lang='lat' dir='ltr'><strong>&amp;cedens</strong></span> <span class='ocrx_word' id='word_1_58' title='bbox 668 773 711 830; x_wconf 87' lang='lat' dir='ltr'><strong>ait</strong></span> <span class='ocrx_word' id='word_1_59' title='bbox 723 772 896 831; x_wconf 83' lang='lat' dir='ltr'><strong>Heraclium</strong></span> <span class='ocrx_word' id='word_1_60' title='bbox 911 771 1028 850; x_wconf 66' lang='lat' dir='ltr'><strong>(ipolim</strong></span> <span class='ocrx_word' id='word_1_61' title='bbox 1042 768 1202 849; x_wconf 81' lang='lat' dir='ltr'><strong>appulisse</strong></span> <span class='ocrx_word' id='word_1_62' title='bbox 1218 768 1331 842; x_wconf 71' lang='grc' dir='ltr'><strong><em>ἔπιφι-</em></strong></span> <span class='ocrx_word' id='word_1_63' title='bbox 1365 802 1367 868; x_wconf 55' lang='lat' dir='ltr'>i</span> 
     </span>
     <span class='ocr_line' id='line_1_8' title="bbox 222 848 1330 940; baseline -0.005 -19"><span class='ocrx_word' id='word_1_64' title='bbox 222 853 351 940; x_wconf 75' lang='grc' dir='ltr'><strong><em>ρόμενον</em></strong></span> <span class='ocrx_word' id='word_1_65' title='bbox 371 853 429 937; x_wconf 68' lang='grc' dir='ltr'><strong>τήν</strong></span> <span class='ocrx_word' id='word_1_66' title='bbox 449 851 677 938; x_wconf 70' lang='grc' dir='ltr'><strong><em>ἀχειροποίητον</em></strong></span> <span class='ocrx_word' id='word_1_67' title='bbox 689 854 794 920; x_wconf 77' lang='lat' dir='ltr'><strong>aiso&#39;su</strong></span> <span class='ocrx_word' id='word_1_68' title='bbox 808 861 864 920; x_wconf 81' lang='lat' dir='ltr'><strong>soti</strong></span> <span class='ocrx_word' id='word_1_69' title='bbox 878 859 985 940; x_wconf 74' lang='lat' dir='ltr'><strong>sepios</strong></span> <span class='ocrx_word' id='word_1_70' title='bbox 999 854 1052 919; x_wconf 78' lang='lat' dir='ltr'><strong>sci</strong></span> <span class='ocrx_word' id='word_1_71' title='bbox 1064 856 1145 919; x_wconf 71' lang='grc' dir='ltr'><strong>01σῦ</strong></span> <span class='ocrx_word' id='word_1_72' title='bbox 1158 850 1263 934; x_wconf 70' lang='lat' dir='ltr'><strong>sfsssis</strong></span> <span class='ocrx_word' id='word_1_73' title='bbox 1275 848 1330 934; x_wconf 65' lang='grc' dir='ltr'><strong>Ἱρ-</strong></span> 
     </span>
     <span class='ocr_line' id='line_1_9' title="bbox 222 939 860 1024; baseline -0.006 -18"><span class='ocrx_word' id='word_1_74' title='bbox 222 947 281 1006; x_wconf 81' lang='lat' dir='ltr'><strong>cosi</strong></span> <span class='ocrx_word' id='word_1_75' title='bbox 295 946 437 1024; x_wconf 77' lang='grc' dir='ltr'><strong><em>Χριστοῦ.</em></strong></span> <span class='ocrx_word' id='word_1_76' title='bbox 480 939 549 1002; x_wconf 83' lang='lat' dir='ltr'><strong>ride</strong></span> <span class='ocrx_word' id='word_1_77' title='bbox 562 942 599 1002; x_wconf 78' lang='lat' dir='ltr'><strong>ds</strong></span> <span class='ocrx_word' id='word_1_78' title='bbox 612 942 728 1022; x_wconf 73' lang='lat' dir='ltr'><strong>mpod.</strong></span> <span class='ocrx_word' id='word_1_79' title='bbox 745 945 764 1005; x_wconf 93' lang='lat'>1</span> <span class='ocrx_word' id='word_1_80' title='bbox 789 941 860 1008; x_wconf 74' lang='lat'><strong>140.</strong></span> 
     </span>
    </p>

    <p class='ocr_par' dir='ltr' id='par_1_5' title="bbox 218 1039 1328 1554">
     <span class='ocr_line' id='line_1_10' title="bbox 306 1039 1327 1123; baseline -0.006 -17"><span class='ocrx_word' id='word_1_81' title='bbox 306 1045 358 1106; x_wconf 82' lang='lat'><strong>17.</strong></span> <span class='ocrx_word' id='word_1_82' title='bbox 398 1045 542 1120; x_wconf 80' lang='lat' dir='ltr'><strong>Perseus,</strong></span> <span class='ocrx_word' id='word_1_83' title='bbox 570 1053 604 1102; x_wconf 89' lang='lat' dir='ltr'><strong>ut</strong></span> <span class='ocrx_word' id='word_1_84' title='bbox 628 1054 673 1102; x_wconf 87' lang='lat' dir='ltr'><strong>est</strong></span> <span class='ocrx_word' id='word_1_85' title='bbox 692 1044 726 1101; x_wconf 89' lang='lat' dir='ltr'><strong>in</strong></span> <span class='ocrx_word' id='word_1_86' title='bbox 744 1042 871 1118; x_wconf 88' lang='lat' dir='ltr'><strong>fabulis,</strong></span> <span class='ocrx_word' id='word_1_87' title='bbox 900 1039 1057 1102; x_wconf 80' lang='lat' dir='ltr'><strong>Medusam</strong></span> <span class='ocrx_word' id='word_1_88' title='bbox 1073 1043 1260 1123; x_wconf 77' lang='lat' dir='ltr'><strong>Gorgonem</strong></span> <span class='ocrx_word' id='word_1_89' title='bbox 1278 1045 1327 1100; x_wconf 85' lang='lat' dir='ltr'><strong>in-</strong></span> 
     </span>
     <span class='ocr_line' id='line_1_11' title="bbox 219 1127 1327 1212; baseline 0 -24"><span class='ocrx_word' id='word_1_90' title='bbox 219 1130 355 1206; x_wconf 85' lang='lat' dir='ltr'><strong>teremit,</strong></span> <span class='ocrx_word' id='word_1_91' title='bbox 376 1131 499 1212; x_wconf 89' lang='lat' dir='ltr'><strong>eiusque</strong></span> <span class='ocrx_word' id='word_1_92' title='bbox 514 1139 602 1210; x_wconf 88' lang='lat' dir='ltr'><strong>caput</strong></span> <span class='ocrx_word' id='word_1_93' title='bbox 615 1130 779 1188; x_wconf 88' lang='lat' dir='ltr'><strong>abscissum</strong></span> <span class='ocrx_word' id='word_1_94' title='bbox 791 1129 825 1186; x_wconf 87' lang='lat' dir='ltr'><strong>in</strong></span> <span class='ocrx_word' id='word_1_95' title='bbox 835 1127 952 1209; x_wconf 81' lang='lat' dir='ltr'><strong>Aegide</strong></span> <span class='ocrx_word' id='word_1_96' title='bbox 965 1129 1137 1205; x_wconf 83' lang='lat' dir='ltr'><strong>collocarit,</strong></span> <span class='ocrx_word' id='word_1_97' title='bbox 1160 1132 1257 1188; x_wconf 82' lang='lat' dir='ltr'><strong>mins</strong></span> <span class='ocrx_word' id='word_1_98' title='bbox 1272 1149 1327 1207; x_wconf 83' lang='lat' dir='ltr'><strong>ope</strong></span> 
     </span>
     <span class='ocr_line' id='line_1_12' title="bbox 219 1213 1328 1294; baseline -0.001 -21"><span class='ocrx_word' id='word_1_99' title='bbox 219 1223 326 1294; x_wconf 87' lang='lat' dir='ltr'><strong>postea</strong></span> <span class='ocrx_word' id='word_1_100' title='bbox 342 1213 568 1276; x_wconf 73' lang='lat' dir='ltr'><strong>Andromedam</strong></span> <span class='ocrx_word' id='word_1_101' title='bbox 585 1235 659 1276; x_wconf 78' lang='lat' dir='ltr'><strong>saxo</strong></span> <span class='ocrx_word' id='word_1_102' title='bbox 681 1233 845 1293; x_wconf 88' lang='lat' dir='ltr'><strong>appensam</strong></span> <span class='ocrx_word' id='word_1_103' title='bbox 858 1225 889 1274; x_wconf 91' lang='lat' dir='ltr'><strong>et</strong></span> <span class='ocrx_word' id='word_1_104' title='bbox 901 1225 965 1273; x_wconf 87' lang='lat' dir='ltr'><strong>ceto</strong></span> <span class='ocrx_word' id='word_1_105' title='bbox 981 1215 1096 1273; x_wconf 88' lang='lat' dir='ltr'><strong>marino</strong></span> <span class='ocrx_word' id='word_1_106' title='bbox 1108 1225 1255 1273; x_wconf 76' lang='lat' dir='ltr'><strong>monstro</strong></span> <span class='ocrx_word' id='word_1_107' title='bbox 1270 1235 1328 1272; x_wconf 83' lang='lat' dir='ltr'><strong>ex-</strong></span> 
     </span>
     <span class='ocr_line' id='line_1_13' title="bbox 220 1299 1327 1381; baseline -0.003 -22"><span class='ocrx_word' id='word_1_108' title='bbox 220 1302 352 1378; x_wconf 87' lang='lat' dir='ltr'><strong>positam</strong></span> <span class='ocrx_word' id='word_1_109' title='bbox 365 1303 513 1361; x_wconf 80' lang='lat' dir='ltr'><strong>liberavit.</strong></span> <span class='ocrx_word' id='word_1_110' title='bbox 556 1299 610 1361; x_wconf 89' lang='lat' dir='ltr'><strong>sed</strong></span> <span class='ocrx_word' id='word_1_111' title='bbox 627 1301 782 1360; x_wconf 86' lang='lat' dir='ltr'><strong>Heraclius</strong></span> <span class='ocrx_word' id='word_1_112' title='bbox 795 1301 930 1381; x_wconf 86' lang='lat' dir='ltr'><strong>aliquam</strong></span> <span class='ocrx_word' id='word_1_113' title='bbox 941 1301 1066 1378; x_wconf 80' lang='lat' dir='ltr'><strong>virginis</strong></span> <span class='ocrx_word' id='word_1_114' title='bbox 1077 1301 1192 1357; x_wconf 79' lang='lat' dir='ltr'><strong>llariae</strong></span> <span class='ocrx_word' id='word_1_115' title='bbox 1206 1301 1327 1379; x_wconf 82' lang='lat' dir='ltr'><strong>imagi-</strong></span> 
     </span>
     <span class='ocr_line' id='line_1_14' title="bbox 219 1384 1326 1466; baseline -0.001 -22"><span class='ocrx_word' id='word_1_116' title='bbox 219 1403 292 1444; x_wconf 85' lang='lat' dir='ltr'><strong>nem</strong></span> <span class='ocrx_word' id='word_1_117' title='bbox 307 1389 459 1446; x_wconf 76' lang='lat' dir='ltr'><strong>mirmulis</strong></span> <span class='ocrx_word' id='word_1_118' title='bbox 472 1389 600 1464; x_wconf 87' lang='lat' dir='ltr'><strong>claram,</strong></span> <span class='ocrx_word' id='word_1_119' title='bbox 621 1395 655 1445; x_wconf 86' lang='lat' dir='ltr'><strong>ut</strong></span> <span class='ocrx_word' id='word_1_120' title='bbox 667 1384 801 1461; x_wconf 81' lang='lat' dir='ltr'><strong>videtur,</strong></span> <span class='ocrx_word' id='word_1_121' title='bbox 823 1384 944 1461; x_wconf 90' lang='lat' dir='ltr'><strong>babuit,</strong></span> <span class='ocrx_word' id='word_1_122' title='bbox 967 1403 1027 1466; x_wconf 87' lang='lat' dir='ltr'><strong>qua</strong></span> <span class='ocrx_word' id='word_1_123' title='bbox 1036 1395 1072 1442; x_wconf 89' lang='lat' dir='ltr'><strong>ut</strong></span> <span class='ocrx_word' id='word_1_124' title='bbox 1083 1385 1233 1464; x_wconf 79' lang='lat' dir='ltr'><strong>Gorgone</strong></span> <span class='ocrx_word' id='word_1_125' title='bbox 1248 1388 1326 1444; x_wconf 84' lang='lat' dir='ltr'><strong>Per·</strong></span> 
     </span>
     <span class='ocr_line' id='line_1_15' title="bbox 218 1467 1225 1554; baseline -0.002 -24"><span class='ocrx_word' id='word_1_126' title='bbox 218 1489 304 1546; x_wconf 83' lang='lat' dir='ltr'><strong>seua,</strong></span> <span class='ocrx_word' id='word_1_127' title='bbox 325 1473 358 1530; x_wconf 93' lang='lat' dir='ltr'><strong>in</strong></span> <span class='ocrx_word' id='word_1_128' title='bbox 372 1475 578 1551; x_wconf 83' lang='lat' dir='ltr'><strong>praesentibus</strong></span> <span class='ocrx_word' id='word_1_129' title='bbox 594 1472 734 1554; x_wconf 88' lang='lat' dir='ltr'><strong>periculis</strong></span> <span class='ocrx_word' id='word_1_130' title='bbox 745 1471 895 1531; x_wconf 85' lang='lat' dir='ltr'><strong>utebatur.</strong></span> <span class='ocrx_word' id='word_1_131' title='bbox 937 1467 1008 1530; x_wconf 85' lang='lat' dir='ltr'><strong>ride</strong></span> <span class='ocrx_word' id='word_1_132' title='bbox 1021 1469 1107 1549; x_wconf 77' lang='lat' dir='ltr'><strong>infra</strong></span> <span class='ocrx_word' id='word_1_133' title='bbox 1118 1491 1151 1529; x_wconf 84' lang='lat' dir='ltr'><strong>v.</strong></span> <span class='ocrx_word' id='word_1_134' title='bbox 1164 1472 1225 1534; x_wconf 84' lang='lat'><strong>91.</strong></span> 
     </span>
    </p>
   </div>
   <div class='ocr_carea' id='block_1_4' title="bbox 214 1569 1324 2078">
    <p class='ocr_par' dir='ltr' id='par_1_6' title="bbox 214 1569 1324 2078">
     <span class='ocr_line' id='line_1_16' title="bbox 301 1569 1323 1652; baseline -0.005 -16"><span class='ocrx_word' id='word_1_135' title='bbox 301 1575 354 1636; x_wconf 89' lang='grc'><strong>20.</strong></span> <span class='ocrx_word' id='word_1_136' title='bbox 396 1575 560 1633; x_wconf 82' lang='lat' dir='ltr'><strong>Hesionam</strong></span> <span class='ocrx_word' id='word_1_137' title='bbox 586 1575 680 1633; x_wconf 89' lang='lat' dir='ltr'><strong>filiam</strong></span> <span class='ocrx_word' id='word_1_138' title='bbox 704 1583 828 1652; x_wconf 78' lang='lat' dir='ltr'><strong>epatre</strong></span> <span class='ocrx_word' id='word_1_139' title='bbox 851 1569 1070 1646; x_wconf 75' lang='lat' dir='ltr'><strong>Laomedonte,</strong></span> <span class='ocrx_word' id='word_1_140' title='bbox 1100 1573 1153 1652; x_wconf 89' lang='lat' dir='ltr'><strong>qui</strong></span> <span class='ocrx_word' id='word_1_141' title='bbox 1174 1582 1245 1631; x_wconf 84' lang='lat' dir='ltr'><strong>arat</strong></span> <span class='ocrx_word' id='word_1_142' title='bbox 1266 1591 1323 1631; x_wconf 82' lang='lat' dir='ltr'><strong>rex</strong></span> 
     </span>
     <span class='ocr_line' id='line_1_17' title="bbox 216 1657 1324 1738; baseline 0.003 -24"><span class='ocrx_word' id='word_1_143' title='bbox 216 1657 344 1732; x_wconf 80' lang='lat' dir='ltr'><strong>Troiae,</strong></span> <span class='ocrx_word' id='word_1_144' title='bbox 367 1668 431 1718; x_wconf 87' lang='lat' dir='ltr'><strong>ceto</strong></span> <span class='ocrx_word' id='word_1_145' title='bbox 448 1661 586 1718; x_wconf 89' lang='lat' dir='ltr'><strong>similiter</strong></span> <span class='ocrx_word' id='word_1_146' title='bbox 605 1660 789 1738; x_wconf 87' lang='lat' dir='ltr'><strong>expositam,</strong></span> <span class='ocrx_word' id='word_1_147' title='bbox 809 1668 844 1717; x_wconf 89' lang='lat' dir='ltr'><strong>ut</strong></span> <span class='ocrx_word' id='word_1_148' title='bbox 862 1658 994 1736; x_wconf 79' lang='lat' dir='ltr'><strong>Neptrmi</strong></span> <span class='ocrx_word' id='word_1_149' title='bbox 1011 1657 1182 1734; x_wconf 86' lang='lat' dir='ltr'><strong>placaretur</strong></span> <span class='ocrx_word' id='word_1_150' title='bbox 1199 1661 1270 1732; x_wconf 88' lang='lat' dir='ltr'><strong>ira,</strong></span> <span class='ocrx_word' id='word_1_151' title='bbox 1292 1671 1324 1716; x_wconf 83' lang='lat' dir='ltr'><strong>et</strong></span> 
     </span>
     <span class='ocr_line' id='line_1_18' title="bbox 216 1739 1322 1821; baseline 0.002 -22"><span class='ocrx_word' id='word_1_152' title='bbox 216 1741 255 1800; x_wconf 88' lang='lat' dir='ltr'><strong>ab</strong></span> <span class='ocrx_word' id='word_1_153' title='bbox 278 1744 406 1802; x_wconf 87' lang='lat' dir='ltr'><strong>Hercule</strong></span> <span class='ocrx_word' id='word_1_154' title='bbox 428 1741 537 1803; x_wconf 88' lang='lat' dir='ltr'><strong>deinde</strong></span> <span class='ocrx_word' id='word_1_155' title='bbox 557 1745 715 1802; x_wconf 75' lang='lat' dir='ltr'><strong>liberatam</strong></span> <span class='ocrx_word' id='word_1_156' title='bbox 732 1744 841 1818; x_wconf 75' lang='lat' dir='ltr'><strong>finisse,</strong></span> <span class='ocrx_word' id='word_1_157' title='bbox 862 1752 984 1804; x_wconf 76' lang='lat' dir='ltr'><strong>sanant</strong></span> <span class='ocrx_word' id='word_1_158' title='bbox 996 1739 1177 1821; x_wconf 80' lang='lat' dir='ltr'><strong>mythologi.</strong></span> <span class='ocrx_word' id='word_1_159' title='bbox 1220 1742 1322 1801; x_wconf 87' lang='lat' dir='ltr'><strong>iidem</strong></span> 
     </span>
     <span class='ocr_line' id='line_1_19' title="bbox 215 1826 1320 1910; baseline 0.003 -26"><span class='ocrx_word' id='word_1_160' title='bbox 215 1826 390 1888; x_wconf 85' lang='lat' dir='ltr'><strong>fabulantur</strong></span> <span class='ocrx_word' id='word_1_161' title='bbox 421 1829 583 1888; x_wconf 83' lang='lat' dir='ltr'><strong>Herculem</strong></span> <span class='ocrx_word' id='word_1_162' title='bbox 610 1827 802 1906; x_wconf 82' lang='lat' dir='ltr'><strong>indignatum</strong></span> <span class='ocrx_word' id='word_1_163' title='bbox 822 1826 905 1910; x_wconf 86' lang='lat' dir='ltr'><strong>quod</strong></span> <span class='ocrx_word' id='word_1_164' title='bbox 927 1830 1199 1906; x_wconf 89' lang='lat' dir='ltr'><strong>praestantissimos</strong></span> <span class='ocrx_word' id='word_1_165' title='bbox 1220 1848 1320 1908; x_wconf 81' lang='lat' dir='ltr'><strong>equos</strong></span> 
     </span>
     <span class='ocr_line' id='line_1_20' title="bbox 215 1909 1320 1994; baseline 0.004 -24"><span class='ocrx_word' id='word_1_166' title='bbox 215 1909 318 1971; x_wconf 78' lang='lat' dir='ltr'><strong>divino</strong></span> <span class='ocrx_word' id='word_1_167' title='bbox 334 1915 449 1974; x_wconf 87' lang='lat' dir='ltr'><strong>semine</strong></span> <span class='ocrx_word' id='word_1_168' title='bbox 462 1923 632 1994; x_wconf 89' lang='lat' dir='ltr'><strong>procreatos</strong></span> <span class='ocrx_word' id='word_1_169' title='bbox 648 1915 685 1972; x_wconf 91' lang='lat' dir='ltr'><strong>ob</strong></span> <span class='ocrx_word' id='word_1_170' title='bbox 701 1911 874 1973; x_wconf 88' lang='lat' dir='ltr'><strong>huiusmodi</strong></span> <span class='ocrx_word' id='word_1_171' title='bbox 886 1912 1065 1972; x_wconf 81' lang='lat' dir='ltr'><strong>beneficium</strong></span> <span class='ocrx_word' id='word_1_172' title='bbox 1078 1913 1138 1972; x_wconf 87' lang='lat' dir='ltr'><strong>sibi</strong></span> <span class='ocrx_word' id='word_1_173' title='bbox 1149 1917 1320 1994; x_wconf 80' lang='lat' dir='ltr'><strong>promissos</strong></span> 
     </span>
     <span class='ocr_line' id='line_1_21' title="bbox 214 1997 779 2078; baseline 0.004 -23"><span class='ocrx_word' id='word_1_174' title='bbox 214 2016 277 2056; x_wconf 88' lang='lat' dir='ltr'><strong>non</strong></span> <span class='ocrx_word' id='word_1_175' title='bbox 291 1997 437 2076; x_wconf 72' lang='lat' dir='ltr'><strong>dedisset,</strong></span> <span class='ocrx_word' id='word_1_176' title='bbox 459 2018 562 2078; x_wconf 82' lang='lat' dir='ltr'><strong>regem</strong></span> <span class='ocrx_word' id='word_1_177' title='bbox 576 1999 779 2058; x_wconf 74' lang='lat' dir='ltr'><strong>obtruncasse.</strong></span> 
     </span>
    </p>
   </div>
   <div class='ocr_carea' id='block_1_5' title="bbox 154 2093 1317 2267">
    <p class='ocr_par' dir='ltr' id='par_1_7' title="bbox 154 2093 1317 2267">
     <span class='ocr_line' id='line_1_22' title="bbox 154 2093 1317 2244; baseline -0.003 -79"><span class='ocrx_word' id='word_1_178' title='bbox 154 2167 160 2180; x_wconf 69' lang='grc'>,</span> <span class='ocrx_word' id='word_1_179' title='bbox 299 2103 352 2244; x_wconf 60' lang='lat' dir='ltr'><strong>iti·</strong></span> <span class='ocrx_word' id='word_1_180' title='bbox 393 2097 578 2185; x_wconf 68' lang='grc' dir='ltr'><strong><em>γοωστιιιούς</em></strong></span> <span class='ocrx_word' id='word_1_181' title='bbox 591 2099 649 2183; x_wconf 65' lang='grc' dir='ltr'><strong>ἔχει</strong></span> <span class='ocrx_word' id='word_1_182' title='bbox 661 2093 780 2180; x_wconf 76' lang='grc' dir='ltr'><strong><em>τόνους,</em></strong></span> <span class='ocrx_word' id='word_1_183' title='bbox 799 2099 853 2183; x_wconf 87' lang='lat' dir='ltr'><strong>qui</strong></span> <span class='ocrx_word' id='word_1_184' title='bbox 864 2101 1010 2163; x_wconf 88' lang='lat' dir='ltr'><strong>moralem</strong></span> <span class='ocrx_word' id='word_1_185' title='bbox 1019 2118 1143 2160; x_wconf 87' lang='lat' dir='ltr'><strong>sensum</strong></span> <span class='ocrx_word' id='word_1_186' title='bbox 1154 2101 1190 2159; x_wconf 90' lang='lat' dir='ltr'><strong>in</strong></span> <span class='ocrx_word' id='word_1_187' title='bbox 1201 2101 1317 2162; x_wconf 89' lang='lat' dir='ltr'><strong>fabulis</strong></span> 
     </span>
     <span class='ocr_line' id='line_1_23' title="bbox 214 2201 342 2267; baseline 0.023 -26"><span class='ocrx_word' id='word_1_188' title='bbox 214 2201 319 2267; x_wconf 80' lang='lat' dir='ltr'><strong>quaen</strong></span> <span class='ocrx_word' id='word_1_189' title='bbox 333 2227 342 2244; x_wconf 91' lang='lat'><strong>.</strong></span> 
     </span>
    </p>
   </div>
   <div class='ocr_carea' id='block_1_6' title="bbox 198 2285 737 2356">
    <p class='ocr_par' dir='ltr' id='par_1_8' title="bbox 198 2285 737 2356">
     <span class='ocr_line' id='line_1_24' title="bbox 198 2285 737 2356; baseline -0.007 -2"><span class='ocrx_word' id='word_1_190' title='bbox 198 2349 200 2354; x_wconf 81' lang='grc'>,</span> <span class='ocrx_word' id='word_1_191' title='bbox 298 2291 351 2353; x_wconf 80' lang='lat'><strong>3⁰.</strong></span> <span class='ocrx_word' id='word_1_192' title='bbox 393 2290 494 2350; x_wconf 78' lang='lat' dir='ltr'><strong>forsan</strong></span> <span class='ocrx_word' id='word_1_193' title='bbox 505 2291 614 2351; x_wconf 87' lang='lat' dir='ltr'><strong>melius</strong></span> <span class='ocrx_word' id='word_1_194' title='bbox 627 2285 737 2356; x_wconf 70' lang='lat' dir='ltr'><strong>iiiuc.</strong></span> 
     </span>
    </p>
   </div>
   <div class='ocr_carea' id='block_1_7' title="bbox 163 2385 1315 4262">
    <p class='ocr_par' dir='ltr' id='par_1_9' title="bbox 212 2385 1315 2559">
     <span class='ocr_line' id='line_1_25' title="bbox 298 2385 1315 2474; baseline -0.004 -22"><span class='ocrx_word' id='word_1_195' title='bbox 298 2391 351 2454; x_wconf 85' lang='grc'><strong>82.</strong></span> <span class='ocrx_word' id='word_1_196' title='bbox 395 2385 439 2455; x_wconf 79' lang='grc' dir='ltr'><strong>δι’</strong></span> <span class='ocrx_word' id='word_1_197' title='bbox 454 2389 537 2472; x_wconf 71' lang='grc' dir='ltr'><strong>ἡμᾶς</strong></span> <span class='ocrx_word' id='word_1_198' title='bbox 550 2395 664 2454; x_wconf 80' lang='lat' dir='ltr'><strong>soffioet</strong></span> <span class='ocrx_word' id='word_1_199' title='bbox 680 2386 901 2474; x_wconf 60' lang='grc' dir='ltr'><strong>σεσωσμένους,</strong></span> <span class='ocrx_word' id='word_1_200' title='bbox 922 2390 1009 2472; x_wconf 86' lang='lat' dir='ltr'><strong>quasi</strong></span> <span class='ocrx_word' id='word_1_201' title='bbox 1027 2387 1139 2450; x_wconf 76' lang='lat' dir='ltr'><strong>diceret</strong></span> <span class='ocrx_word' id='word_1_202' title='bbox 1158 2389 1315 2450; x_wconf 74' lang='lat' dir='ltr'><strong>observa-</strong></span> 
     </span>
     <span class='ocr_line' id='line_1_26' title="bbox 212 2472 1098 2559; baseline 0.009 -31"><span class='ocrx_word' id='word_1_203' title='bbox 212 2480 258 2530; x_wconf 82' lang='lat' dir='ltr'><strong>tos</strong></span> <span class='ocrx_word' id='word_1_204' title='bbox 275 2475 363 2535; x_wconf 66' lang='lat' dir='ltr'><strong>omes.</strong></span> <span class='ocrx_word' id='word_1_205' title='bbox 412 2476 510 2538; x_wconf 83' lang='lat' dir='ltr'><strong>codex</strong></span> <span class='ocrx_word' id='word_1_206' title='bbox 522 2477 652 2539; x_wconf 87' lang='lat' dir='ltr'><strong>habebat</strong></span> <span class='ocrx_word' id='word_1_207' title='bbox 666 2472 758 2559; x_wconf 71' lang='grc' dir='ltr'><strong><em>τύχης</em></strong></span> <span class='ocrx_word' id='word_1_208' title='bbox 770 2497 840 2536; x_wconf 87' lang='lat' dir='ltr'><strong>cum</strong></span> <span class='ocrx_word' id='word_1_209' title='bbox 855 2477 888 2539; x_wconf 81' lang='lat' dir='ltr'><strong>oi</strong></span> <span class='ocrx_word' id='word_1_210' title='bbox 900 2477 1098 2557; x_wconf 85' lang='lat' dir='ltr'><strong>superposito.</strong></span> 
     </span>
    </p>

    <p class='ocr_par' dir='ltr' id='par_1_10' title="bbox 163 2557 1314 4262">
     <span class='ocr_line' id='line_1_27' title="bbox 296 2557 1313 2646; baseline 0 -28"><span class='ocrx_word' id='word_1_211' title='bbox 296 2559 349 2622; x_wconf 79' lang='grc'><strong>84.</strong></span> <span class='ocrx_word' id='word_1_212' title='bbox 391 2557 428 2624; x_wconf 75' lang='lat' dir='ltr'><strong>sd</strong></span> <span class='ocrx_word' id='word_1_213' title='bbox 446 2568 502 2628; x_wconf 65' lang='lat' dir='ltr'><strong>sori</strong></span> <span class='ocrx_word' id='word_1_214' title='bbox 521 2560 621 2645; x_wconf 75' lang='grc' dir='ltr'><strong><em>δήμου</em></strong></span> <span class='ocrx_word' id='word_1_215' title='bbox 637 2560 742 2646; x_wconf 64' lang='lat' dir='ltr'><strong>opius,</strong></span> <span class='ocrx_word' id='word_1_216' title='bbox 759 2582 829 2621; x_wconf 87' lang='lat' dir='ltr'><strong>oum</strong></span> <span class='ocrx_word' id='word_1_217' title='bbox 845 2559 933 2638; x_wconf 88' lang='lat' dir='ltr'><strong>dicit,</strong></span> <span class='ocrx_word' id='word_1_218' title='bbox 955 2573 1055 2642; x_wconf 87' lang='lat' dir='ltr'><strong>aperte</strong></span> <span class='ocrx_word' id='word_1_219' title='bbox 1072 2561 1258 2636; x_wconf 84' lang='lat' dir='ltr'><strong>factionum,</strong></span> <span class='ocrx_word' id='word_1_220' title='bbox 1280 2563 1313 2618; x_wconf 91' lang='lat' dir='ltr'><strong>in</strong></span> 
     </span>
     <span class='ocr_line' id='line_1_28' title="bbox 210 2643 1314 2726; baseline 0.005 -28"><span class='ocrx_word' id='word_1_221' title='bbox 210 2659 286 2720; x_wconf 88' lang='lat' dir='ltr'><strong>quas</strong></span> <span class='ocrx_word' id='word_1_222' title='bbox 302 2653 363 2703; x_wconf 85' lang='lat' dir='ltr'><strong>tota</strong></span> <span class='ocrx_word' id='word_1_223' title='bbox 379 2648 536 2726; x_wconf 77' lang='lat' dir='ltr'><strong>cpolitano</strong></span> <span class='ocrx_word' id='word_1_224' title='bbox 554 2651 657 2708; x_wconf 81' lang='lat' dir='ltr'><strong>civitas</strong></span> <span class='ocrx_word' id='word_1_225' title='bbox 675 2659 739 2708; x_wconf 88' lang='lat' dir='ltr'><strong>erat</strong></span> <span class='ocrx_word' id='word_1_226' title='bbox 754 2647 864 2722; x_wconf 75' lang='lat' dir='ltr'><strong>dirim,</strong></span> <span class='ocrx_word' id='word_1_227' title='bbox 885 2650 996 2706; x_wconf 87' lang='lat' dir='ltr'><strong>miram</strong></span> <span class='ocrx_word' id='word_1_228' title='bbox 1008 2647 1204 2706; x_wconf 85' lang='lat' dir='ltr'><strong>insolentiam</strong></span> <span class='ocrx_word' id='word_1_229' title='bbox 1216 2643 1314 2704; x_wconf 80' lang='lat' dir='ltr'><strong>ands·</strong></span> 
     </span>
     <span class='ocr_line' id='line_1_29' title="bbox 210 2728 1314 2814; baseline 0.007 -32"><span class='ocrx_word' id='word_1_230' title='bbox 210 2728 289 2783; x_wconf 86' lang='lat' dir='ltr'><strong>ciam</strong></span> <span class='ocrx_word' id='word_1_231' title='bbox 307 2739 337 2788; x_wconf 85' lang='lat' dir='ltr'><strong>et</strong></span> <span class='ocrx_word' id='word_1_232' title='bbox 355 2737 555 2792; x_wconf 88' lang='lat' dir='ltr'><strong>temeritatem</strong></span> <span class='ocrx_word' id='word_1_233' title='bbox 572 2731 720 2812; x_wconf 72' lang='lat' dir='ltr'><strong>designat.</strong></span> <span class='ocrx_word' id='word_1_234' title='bbox 763 2743 903 2814; x_wconf 88' lang='lat' dir='ltr'><strong>quattuor</strong></span> <span class='ocrx_word' id='word_1_235' title='bbox 913 2733 1007 2792; x_wconf 84' lang='lat' dir='ltr'><strong>fuisse</strong></span> <span class='ocrx_word' id='word_1_236' title='bbox 1018 2733 1052 2790; x_wconf 91' lang='lat' dir='ltr'><strong>iu</strong></span> <span class='ocrx_word' id='word_1_237' title='bbox 1065 2730 1148 2791; x_wconf 87' lang='lat' dir='ltr'><strong>ludis</strong></span> <span class='ocrx_word' id='word_1_238' title='bbox 1161 2733 1314 2790; x_wconf 82' lang='lat' dir='ltr'><strong>Circensi-</strong></span> 
     </span>
     <span class='ocr_line' id='line_1_30' title="bbox 209 2807 1312 2898; baseline 0.005 -31"><span class='ocrx_word' id='word_1_239' title='bbox 209 2807 266 2868; x_wconf 90' lang='lat' dir='ltr'><strong>bus</strong></span> <span class='ocrx_word' id='word_1_240' title='bbox 288 2812 450 2892; x_wconf 86' lang='lat' dir='ltr'><strong>factiones,</strong></span> <span class='ocrx_word' id='word_1_241' title='bbox 475 2839 516 2877; x_wconf 85' lang='lat' dir='ltr'><strong>ex</strong></span> <span class='ocrx_word' id='word_1_242' title='bbox 539 2829 679 2898; x_wconf 82' lang='lat' dir='ltr'><strong>quattuor</strong></span> <span class='ocrx_word' id='word_1_243' title='bbox 695 2819 843 2878; x_wconf 87' lang='lat' dir='ltr'><strong>coloribus</strong></span> <span class='ocrx_word' id='word_1_244' title='bbox 856 2818 965 2898; x_wconf 87' lang='lat' dir='ltr'><strong>quibus</strong></span> <span class='ocrx_word' id='word_1_245' title='bbox 981 2815 1243 2895; x_wconf 69' lang='lat' dir='ltr'><strong>distinguebantur</strong></span> <span class='ocrx_word' id='word_1_246' title='bbox 1255 2836 1312 2894; x_wconf 84' lang='lat' dir='ltr'><strong>sp-</strong></span> 
     </span>
     <span class='ocr_line' id='line_1_31' title="bbox 206 2897 1312 2976; baseline 0.007 -24"><span class='ocrx_word' id='word_1_247' title='bbox 206 2897 345 2976; x_wconf 88' lang='lat' dir='ltr'><strong>pellatas,</strong></span> <span class='ocrx_word' id='word_1_248' title='bbox 369 2903 534 2962; x_wconf 80' lang='lat' dir='ltr'><strong>Prasinom</strong></span> <span class='ocrx_word' id='word_1_249' title='bbox 553 2903 696 2963; x_wconf 60' lang='lat' dir='ltr'><strong>Venetiam</strong></span> <span class='ocrx_word' id='word_1_250' title='bbox 710 2904 878 2962; x_wconf 72' lang='lat' dir='ltr'><strong>Rmmtam</strong></span> <span class='ocrx_word' id='word_1_251' title='bbox 892 2901 1058 2972; x_wconf 81' lang='lat' dir='ltr'><strong>Albotam,</strong></span> <span class='ocrx_word' id='word_1_252' title='bbox 1077 2912 1192 2961; x_wconf 87' lang='lat' dir='ltr'><strong>norunt</strong></span> <span class='ocrx_word' id='word_1_253' title='bbox 1205 2920 1312 2960; x_wconf 84' lang='lat' dir='ltr'><strong>omnes</strong></span> 
     </span>
     <span class='ocr_line' id='line_1_32' title="bbox 207 2979 1311 3068; baseline 0.005 -30"><span class='ocrx_word' id='word_1_254' title='bbox 207 2979 328 3044; x_wconf 86' lang='lat' dir='ltr'><strong>eruditi.</strong></span> <span class='ocrx_word' id='word_1_255' title='bbox 371 2985 426 3046; x_wconf 90' lang='lat' dir='ltr'><strong>sed</strong></span> <span class='ocrx_word' id='word_1_256' title='bbox 440 2991 584 3049; x_wconf 86' lang='lat' dir='ltr'><strong>Prasiuae</strong></span> <span class='ocrx_word' id='word_1_257' title='bbox 598 2999 628 3048; x_wconf 88' lang='lat' dir='ltr'><strong>et</strong></span> <span class='ocrx_word' id='word_1_258' title='bbox 640 2991 772 3048; x_wconf 85' lang='lat' dir='ltr'><strong>Venetae</strong></span> <span class='ocrx_word' id='word_1_259' title='bbox 785 2989 977 3068; x_wconf 88' lang='lat' dir='ltr'><strong>potissimum</strong></span> <span class='ocrx_word' id='word_1_260' title='bbox 986 2989 1100 3046; x_wconf 88' lang='lat' dir='ltr'><strong>mentio</strong></span> <span class='ocrx_word' id='word_1_261' title='bbox 1113 2986 1148 3044; x_wconf 83' lang='lat' dir='ltr'><strong>fit</strong></span> <span class='ocrx_word' id='word_1_262' title='bbox 1161 2984 1246 3067; x_wconf 87' lang='lat' dir='ltr'><strong>apud</strong></span> <span class='ocrx_word' id='word_1_263' title='bbox 1260 2985 1311 3044; x_wconf 84' lang='lat' dir='ltr'><strong>lsi-</strong></span> 
     </span>
     <span class='ocr_line' id='line_1_33' title="bbox 207 3070 1310 3156; baseline 0.006 -33"><span class='ocrx_word' id='word_1_264' title='bbox 207 3070 344 3130; x_wconf 84' lang='lat' dir='ltr'><strong>storiooa.</strong></span> <span class='ocrx_word' id='word_1_265' title='bbox 387 3092 465 3154; x_wconf 90' lang='lat' dir='ltr'><strong>quae</strong></span> <span class='ocrx_word' id='word_1_266' title='bbox 486 3085 589 3135; x_wconf 89' lang='lat' dir='ltr'><strong>autem</strong></span> <span class='ocrx_word' id='word_1_267' title='bbox 608 3085 781 3156; x_wconf 86' lang='lat' dir='ltr'><strong>quantaque</strong></span> <span class='ocrx_word' id='word_1_268' title='bbox 793 3075 885 3132; x_wconf 88' lang='lat' dir='ltr'><strong>fuerit</strong></span> <span class='ocrx_word' id='word_1_269' title='bbox 899 3075 1010 3132; x_wconf 80' lang='lat' dir='ltr'><strong>cisium</strong></span> <span class='ocrx_word' id='word_1_270' title='bbox 1021 3072 1252 3150; x_wconf 67' lang='lat' dir='ltr'><strong>(ipolitancrum</strong></span> <span class='ocrx_word' id='word_1_271' title='bbox 1262 3074 1310 3130; x_wconf 88' lang='lat' dir='ltr'><strong>in·</strong></span> 
     </span>
     <span class='ocr_line' id='line_1_34' title="bbox 207 3155 1309 3240; baseline 0.004 -27"><span class='ocrx_word' id='word_1_272' title='bbox 207 3155 292 3210; x_wconf 77' lang='lat' dir='ltr'><strong>sauia</strong></span> <span class='ocrx_word' id='word_1_273' title='bbox 305 3157 338 3213; x_wconf 88' lang='lat' dir='ltr'><strong>in</strong></span> <span class='ocrx_word' id='word_1_274' title='bbox 351 3160 413 3218; x_wconf 86' lang='lat' dir='ltr'><strong>suis</strong></span> <span class='ocrx_word' id='word_1_275' title='bbox 425 3161 559 3238; x_wconf 87' lang='lat' dir='ltr'><strong>partibus</strong></span> <span class='ocrx_word' id='word_1_276' title='bbox 574 3158 729 3235; x_wconf 81' lang='lat' dir='ltr'><strong>fovendis,</strong></span> <span class='ocrx_word' id='word_1_277' title='bbox 751 3168 783 3217; x_wconf 93' lang='lat' dir='ltr'><strong>et</strong></span> <span class='ocrx_word' id='word_1_278' title='bbox 795 3177 888 3240; x_wconf 85' lang='lat' dir='ltr'><strong>quam</strong></span> <span class='ocrx_word' id='word_1_279' title='bbox 896 3161 1000 3238; x_wconf 80' lang='lat' dir='ltr'><strong>gravia</strong></span> <span class='ocrx_word' id='word_1_280' title='bbox 1013 3177 1103 3237; x_wconf 86' lang='lat' dir='ltr'><strong>saepe</strong></span> <span class='ocrx_word' id='word_1_281' title='bbox 1116 3155 1190 3215; x_wconf 90' lang='lat' dir='ltr'><strong>inde</strong></span> <span class='ocrx_word' id='word_1_282' title='bbox 1204 3167 1309 3217; x_wconf 81' lang='lat' dir='ltr'><strong>exorta</strong></span> 
     </span>
     <span class='ocr_line' id='line_1_35' title="bbox 207 3232 1309 3304; baseline 0.007 -12"><span class='ocrx_word' id='word_1_283' title='bbox 207 3232 332 3296; x_wconf 87' lang='lat' dir='ltr'><strong>dissidia</strong></span> <span class='ocrx_word' id='word_1_284' title='bbox 351 3252 381 3299; x_wconf 86' lang='lat' dir='ltr'><strong>et</strong></span> <span class='ocrx_word' id='word_1_285' title='bbox 398 3245 539 3303; x_wconf 87' lang='lat' dir='ltr'><strong>intestina</strong></span> <span class='ocrx_word' id='word_1_286' title='bbox 561 3245 642 3304; x_wconf 85' lang='lat' dir='ltr'><strong>bella</strong></span> <span class='ocrx_word' id='word_1_287' title='bbox 663 3264 734 3304; x_wconf 89' lang='lat' dir='ltr'><strong>cum</strong></span> <span class='ocrx_word' id='word_1_288' title='bbox 748 3246 886 3303; x_wconf 84' lang='lat' dir='ltr'><strong>maximo</strong></span> <span class='ocrx_word' id='word_1_289' title='bbox 899 3245 981 3303; x_wconf 88' lang='lat' dir='ltr'><strong>urbis</strong></span> <span class='ocrx_word' id='word_1_290' title='bbox 993 3241 1189 3303; x_wconf 85' lang='lat' dir='ltr'><strong>incommodo</strong></span> <span class='ocrx_word' id='word_1_291' title='bbox 1205 3255 1240 3302; x_wconf 80' lang='lat' dir='ltr'><strong>ct</strong></span> <span class='ocrx_word' id='word_1_292' title='bbox 1251 3246 1309 3300; x_wconf 87' lang='lat' dir='ltr'><strong>im·</strong></span> 
     </span>
     <span class='ocr_line' id='line_1_36' title="bbox 205 3327 1308 3411; baseline 0.018 -35"><span class='ocrx_word' id='word_1_293' title='bbox 205 3331 378 3399; x_wconf 85' lang='lat' dir='ltr'><strong>paratorum</strong></span> <span class='ocrx_word' id='word_1_294' title='bbox 391 3329 540 3404; x_wconf 69' lang='lat' dir='ltr'><strong>pertoldo,</strong></span> <span class='ocrx_word' id='word_1_295' title='bbox 562 3327 652 3388; x_wconf 87' lang='lat' dir='ltr'><strong>docet</strong></span> <span class='ocrx_word' id='word_1_296' title='bbox 662 3331 844 3409; x_wconf 80' lang='lat' dir='ltr'><strong>Procopius,</strong></span> <span class='ocrx_word' id='word_1_297' title='bbox 866 3331 919 3411; x_wconf 93' lang='lat' dir='ltr'><strong>qui</strong></span> <span class='ocrx_word' id='word_1_298' title='bbox 931 3331 949 3393; x_wconf 94' lang='lat'>1</span> <span class='ocrx_word' id='word_1_299' title='bbox 971 3331 1013 3394; x_wconf 76' lang='lat'><strong>29</strong></span> <span class='ocrx_word' id='word_1_300' title='bbox 1033 3328 1071 3386; x_wconf 63' lang='lat' dir='ltr'><strong>da</strong></span> <span class='ocrx_word' id='word_1_301' title='bbox 1081 3327 1173 3386; x_wconf 64' lang='lat' dir='ltr'><em>Bello</em></span> <span class='ocrx_word' id='word_1_302' title='bbox 1187 3330 1308 3387; x_wconf 60' lang='grc' dir='ltr'><strong>ΡΜ</strong></span> 
     </span>
     <span class='ocr_line' id='line_1_37' title="bbox 205 3405 1308 3493; baseline 0.009 -31"><span class='ocrx_word' id='word_1_303' title='bbox 205 3405 442 3468; x_wconf 81' lang='lat' dir='ltr'><strong>funestissimam</strong></span> <span class='ocrx_word' id='word_1_304' title='bbox 462 3411 640 3472; x_wconf 88' lang='lat' dir='ltr'><strong>seditionem</strong></span> <span class='ocrx_word' id='word_1_305' title='bbox 656 3434 696 3472; x_wconf 87' lang='lat' dir='ltr'><strong>ex</strong></span> <span class='ocrx_word' id='word_1_306' title='bbox 710 3415 877 3474; x_wconf 84' lang='lat' dir='ltr'><strong>factionum</strong></span> <span class='ocrx_word' id='word_1_307' title='bbox 890 3414 1079 3474; x_wconf 82' lang='lat' dir='ltr'><strong>contentione</strong></span> <span class='ocrx_word' id='word_1_308' title='bbox 1091 3415 1237 3493; x_wconf 78' lang='lat' dir='ltr'><strong>Byzantii</strong></span> <span class='ocrx_word' id='word_1_309' title='bbox 1253 3434 1308 3472; x_wconf 86' lang='lat' dir='ltr'><strong>ex·</strong></span> 
     </span>
     <span class='ocr_line' id='line_1_38' title="bbox 205 3491 1308 3572; baseline 0.007 -22"><span class='ocrx_word' id='word_1_310' title='bbox 205 3500 301 3550; x_wconf 82' lang='lat' dir='ltr'><strong>ortam</strong></span> <span class='ocrx_word' id='word_1_311' title='bbox 314 3491 469 3572; x_wconf 83' lang='lat' dir='ltr'><strong>describit,</strong></span> <span class='ocrx_word' id='word_1_312' title='bbox 492 3509 523 3556; x_wconf 87' lang='lat' dir='ltr'><strong>et</strong></span> <span class='ocrx_word' id='word_1_313' title='bbox 536 3500 622 3558; x_wconf 71' lang='lat' dir='ltr'><strong>Hos.</strong></span> <span class='ocrx_word' id='word_1_314' title='bbox 636 3498 758 3558; x_wconf 83' lang='grc' dir='ltr'><strong>Ανοαιι.</strong></span> <span class='ocrx_word' id='word_1_315' title='bbox 776 3522 803 3558; x_wconf 85' lang='lat' dir='ltr'><strong>o.</strong></span> <span class='ocrx_word' id='word_1_316' title='bbox 817 3506 837 3565; x_wconf 86' lang='lat'><strong><em>7</em></strong></span> <span class='ocrx_word' id='word_1_317' title='bbox 854 3498 1018 3558; x_wconf 88' lang='lat' dir='ltr'><strong>earundem</strong></span> <span class='ocrx_word' id='word_1_318' title='bbox 1032 3499 1200 3558; x_wconf 88' lang='lat' dir='ltr'><strong>factionum</strong></span> <span class='ocrx_word' id='word_1_319' title='bbox 1212 3501 1308 3558; x_wconf 87' lang='lat' dir='ltr'><strong>licen-</strong></span> 
     </span>
     <span class='ocr_line' id='line_1_39' title="bbox 204 3577 1307 3665; baseline 0.007 -31"><span class='ocrx_word' id='word_1_320' title='bbox 204 3578 280 3636; x_wconf 84' lang='lat' dir='ltr'><strong>tiam</strong></span> <span class='ocrx_word' id='word_1_321' title='bbox 293 3577 412 3639; x_wconf 85' lang='lat' dir='ltr'><strong>abunde</strong></span> <span class='ocrx_word' id='word_1_322' title='bbox 423 3594 533 3642; x_wconf 83' lang='lat' dir='ltr'><strong>narrat.</strong></span> <span class='ocrx_word' id='word_1_323' title='bbox 577 3603 683 3643; x_wconf 83' lang='lat' dir='ltr'><strong>verum</strong></span> <span class='ocrx_word' id='word_1_324' title='bbox 698 3604 758 3665; x_wconf 88' lang='lat' dir='ltr'><strong>qua</strong></span> <span class='ocrx_word' id='word_1_325' title='bbox 771 3587 946 3644; x_wconf 86' lang='lat' dir='ltr'><strong>auctoritate</strong></span> <span class='ocrx_word' id='word_1_326' title='bbox 959 3585 1054 3644; x_wconf 79' lang='lat' dir='ltr'><strong>fretus</strong></span> <span class='ocrx_word' id='word_1_327' title='bbox 1066 3586 1200 3644; x_wconf 84' lang='lat' dir='ltr'><strong>Rosinus</strong></span> <span class='ocrx_word' id='word_1_328' title='bbox 1211 3585 1307 3644; x_wconf 57' lang='lat' dir='ltr'><strong>Ans</strong></span> 
     </span>
     <span class='ocr_line' id='line_1_40' title="bbox 202 3664 1306 3750; baseline 0.005 -27"><span class='ocrx_word' id='word_1_329' title='bbox 202 3664 312 3742; x_wconf 72' lang='lat' dir='ltr'><strong>petras.</strong></span> <span class='ocrx_word' id='word_1_330' title='bbox 330 3665 422 3724; x_wconf 83' lang='lat' dir='ltr'><strong>Rom·</strong></span> <span class='ocrx_word' id='word_1_331' title='bbox 439 3671 458 3731; x_wconf 85' lang='lat'>6</span> <span class='ocrx_word' id='word_1_332' title='bbox 480 3669 500 3733; x_wconf 80' lang='lat'><em>5</em></span> <span class='ocrx_word' id='word_1_333' title='bbox 522 3667 659 3729; x_wconf 86' lang='lat' dir='ltr'><strong>adfirmet</strong></span> <span class='ocrx_word' id='word_1_334' title='bbox 670 3681 739 3750; x_wconf 90' lang='lat' dir='ltr'><strong>post</strong></span> <span class='ocrx_word' id='word_1_335' title='bbox 753 3669 931 3731; x_wconf 85' lang='lat' dir='ltr'><strong>seditionem</strong></span> <span class='ocrx_word' id='word_1_336' title='bbox 943 3671 1030 3728; x_wconf 86' lang='lat' dir='ltr'><strong>illam</strong></span> <span class='ocrx_word' id='word_1_337' title='bbox 1040 3672 1255 3748; x_wconf 83' lang='lat' dir='ltr'><strong>Byzantinam,</strong></span> <span class='ocrx_word' id='word_1_338' title='bbox 1276 3672 1306 3728; x_wconf 91' lang='lat' dir='ltr'><strong>in</strong></span> 
     </span>
     <span class='ocr_line' id='line_1_41' title="bbox 202 3753 1305 3830; baseline 0.007 -24"><span class='ocrx_word' id='word_1_339' title='bbox 202 3767 264 3828; x_wconf 88' lang='lat' dir='ltr'><strong>qua</strong></span> <span class='ocrx_word' id='word_1_340' title='bbox 275 3769 366 3828; x_wconf 87' lang='lat' dir='ltr'><strong>supra</strong></span> <span class='ocrx_word' id='word_1_341' title='bbox 377 3755 500 3830; x_wconf 86' lang='lat' dir='ltr'><strong>triginta</strong></span> <span class='ocrx_word' id='word_1_342' title='bbox 511 3753 671 3814; x_wconf 89' lang='lat' dir='ltr'><strong>hominum</strong></span> <span class='ocrx_word' id='word_1_343' title='bbox 684 3757 770 3814; x_wconf 88' lang='lat' dir='ltr'><strong>milia</strong></span> <span class='ocrx_word' id='word_1_344' title='bbox 788 3753 935 3816; x_wconf 81' lang='lat' dir='ltr'><strong>trucidata</strong></span> <span class='ocrx_word' id='word_1_345' title='bbox 958 3765 1043 3830; x_wconf 89' lang='lat' dir='ltr'><strong>sunt,</strong></span> <span class='ocrx_word' id='word_1_346' title='bbox 1065 3755 1236 3814; x_wconf 81' lang='lat' dir='ltr'><strong>factionum</strong></span> <span class='ocrx_word' id='word_1_347' title='bbox 1249 3776 1305 3814; x_wconf 90' lang='lat' dir='ltr'><strong>no-</strong></span> 
     </span>
     <span class='ocr_line' id='line_1_42' title="bbox 163 3835 1304 3922; baseline 0.006 -29"><span class='ocrx_word' id='word_1_348' title='bbox 163 3889 166 3894; x_wconf 88' lang='lat'>.</span> <span class='ocrx_word' id='word_1_349' title='bbox 201 3835 285 3894; x_wconf 84' lang='lat' dir='ltr'><strong>mina</strong></span> <span class='ocrx_word' id='word_1_350' title='bbox 299 3836 412 3896; x_wconf 87' lang='lat' dir='ltr'><strong>abolita</strong></span> <span class='ocrx_word' id='word_1_351' title='bbox 425 3837 528 3916; x_wconf 86' lang='lat' dir='ltr'><strong>fuisse,</strong></span> <span class='ocrx_word' id='word_1_352' title='bbox 539 3841 630 3920; x_wconf 86' lang='lat' dir='ltr'><strong>plane</strong></span> <span class='ocrx_word' id='word_1_353' title='bbox 644 3843 758 3901; x_wconf 85' lang='lat' dir='ltr'><strong>neseio.</strong></span> <span class='ocrx_word' id='word_1_354' title='bbox 779 3852 990 3922; x_wconf 78' lang='lat' dir='ltr'><strong>praeterquam</strong></span> <span class='ocrx_word' id='word_1_355' title='bbox 1006 3838 1089 3921; x_wconf 87' lang='lat' dir='ltr'><strong>quod</strong></span> <span class='ocrx_word' id='word_1_356' title='bbox 1101 3843 1304 3900; x_wconf 85' lang='lat' dir='ltr'><strong>enimProoo-</strong></span> 
     </span>
     <span class='ocr_line' id='line_1_43' title="bbox 199 3919 1301 4005; baseline 0.006 -29"><span class='ocrx_word' id='word_1_357' title='bbox 199 3921 269 3996; x_wconf 89' lang='lat' dir='ltr'><strong>pius</strong></span> <span class='ocrx_word' id='word_1_358' title='bbox 287 3919 320 3980; x_wconf 90' lang='lat' dir='ltr'><strong>id</strong></span> <span class='ocrx_word' id='word_1_359' title='bbox 341 3941 403 4003; x_wconf 71' lang='lat' dir='ltr'><strong>uon</strong></span> <span class='ocrx_word' id='word_1_360' title='bbox 417 3922 524 4000; x_wconf 88' lang='lat' dir='ltr'><strong>tradit,</strong></span> <span class='ocrx_word' id='word_1_361' title='bbox 546 3936 630 4005; x_wconf 88' lang='lat' dir='ltr'><strong>patet</strong></span> <span class='ocrx_word' id='word_1_362' title='bbox 644 3947 685 3985; x_wconf 83' lang='lat' dir='ltr'><strong>ex</strong></span> <span class='ocrx_word' id='word_1_363' title='bbox 701 3928 841 3986; x_wconf 88' lang='lat' dir='ltr'><strong>omnibus</strong></span> <span class='ocrx_word' id='word_1_364' title='bbox 854 3927 1048 4005; x_wconf 86' lang='lat' dir='ltr'><strong>scriptoribus</strong></span> <span class='ocrx_word' id='word_1_365' title='bbox 1063 3929 1241 4005; x_wconf 82' lang='lat' dir='ltr'><strong>Byzantinis</strong></span> <span class='ocrx_word' id='word_1_366' title='bbox 1257 3927 1301 3984; x_wconf 88' lang='lat' dir='ltr'><strong>fs·</strong></span> 
     </span>
     <span class='ocr_line' id='line_1_44' title="bbox 201 4004 1301 4091; baseline 0.01 -32"><span class='ocrx_word' id='word_1_367' title='bbox 201 4004 335 4065; x_wconf 81' lang='lat' dir='ltr'><strong>ctionem</strong></span> <span class='ocrx_word' id='word_1_368' title='bbox 347 4011 470 4067; x_wconf 88' lang='lat' dir='ltr'><strong>uomina</strong></span> <span class='ocrx_word' id='word_1_369' title='bbox 488 4019 518 4069; x_wconf 87' lang='lat' dir='ltr'><strong>et</strong></span> <span class='ocrx_word' id='word_1_370' title='bbox 532 4023 693 4089; x_wconf 90' lang='lat' dir='ltr'><strong>potestates</strong></span> <span class='ocrx_word' id='word_1_371' title='bbox 707 4013 811 4070; x_wconf 86' lang='lat' dir='ltr'><strong>multis</strong></span> <span class='ocrx_word' id='word_1_372' title='bbox 826 4023 895 4091; x_wconf 91' lang='lat' dir='ltr'><strong>post</strong></span> <span class='ocrx_word' id='word_1_373' title='bbox 908 4014 1108 4070; x_wconf 86' lang='lat' dir='ltr'><strong>Iustinianum</strong></span> <span class='ocrx_word' id='word_1_374' title='bbox 1117 4013 1301 4091; x_wconf 88' lang='lat' dir='ltr'><strong>temporibus</strong></span> 
     </span>
     <span class='ocr_line' id='line_1_45' title="bbox 199 4088 1298 4177; baseline 0.009 -33"><span class='ocrx_word' id='word_1_375' title='bbox 199 4088 388 4164; x_wconf 84' lang='lat' dir='ltr'><strong>perdurasse.</strong></span> <span class='ocrx_word' id='word_1_376' title='bbox 418 4114 453 4154; x_wconf 90' lang='lat' dir='ltr'><strong>ac</strong></span> <span class='ocrx_word' id='word_1_377' title='bbox 462 4096 569 4156; x_wconf 84' lang='lat' dir='ltr'><strong>Veneti</strong></span> <span class='ocrx_word' id='word_1_378' title='bbox 582 4095 708 4177; x_wconf 84' lang='lat' dir='ltr'><strong>quidem</strong></span> <span class='ocrx_word' id='word_1_379' title='bbox 724 4106 754 4155; x_wconf 89' lang='lat' dir='ltr'><strong>et</strong></span> <span class='ocrx_word' id='word_1_380' title='bbox 768 4099 887 4156; x_wconf 88' lang='lat' dir='ltr'><strong>Prasiui</strong></span> <span class='ocrx_word' id='word_1_381' title='bbox 902 4097 958 4156; x_wconf 89' lang='lat' dir='ltr'><strong>sub</strong></span> <span class='ocrx_word' id='word_1_382' title='bbox 974 4099 1207 4177; x_wconf 83' lang='lat' dir='ltr'><strong>imperatoribus</strong></span> <span class='ocrx_word' id='word_1_383' title='bbox 1214 4099 1298 4155; x_wconf 82' lang='lat' dir='ltr'><strong>Mau-</strong></span> 
     </span>
     <span class='ocr_line' id='line_1_46' title="bbox 200 4174 1298 4262; baseline 0.011 -33"><span class='ocrx_word' id='word_1_384' title='bbox 200 4174 270 4233; x_wconf 79' lang='lat' dir='ltr'><strong>ricio</strong></span> <span class='ocrx_word' id='word_1_385' title='bbox 286 4186 316 4235; x_wconf 89' lang='lat' dir='ltr'><strong>et</strong></span> <span class='ocrx_word' id='word_1_386' title='bbox 328 4176 430 4241; x_wconf 86' lang='lat' dir='ltr'><strong>Phoca</strong></span> <span class='ocrx_word' id='word_1_387' title='bbox 444 4199 535 4262; x_wconf 86' lang='lat' dir='ltr'><strong>saepe</strong></span> <span class='ocrx_word' id='word_1_388' title='bbox 552 4184 699 4244; x_wconf 82' lang='lat' dir='ltr'><strong>turnultus</strong></span> <span class='ocrx_word' id='word_1_389' title='bbox 720 4183 888 4243; x_wconf 85' lang='lat' dir='ltr'><strong>excitarunt</strong></span> <span class='ocrx_word' id='word_1_390' title='bbox 902 4193 934 4243; x_wconf 90' lang='lat' dir='ltr'><strong>et</strong></span> <span class='ocrx_word' id='word_1_391' title='bbox 946 4181 984 4243; x_wconf 91' lang='lat' dir='ltr'><strong>de</strong></span> <span class='ocrx_word' id='word_1_392' title='bbox 996 4203 1096 4244; x_wconf 85' lang='lat' dir='ltr'><strong>rerum</strong></span> <span class='ocrx_word' id='word_1_393' title='bbox 1111 4202 1232 4244; x_wconf 82' lang='lat' dir='ltr'><strong>smnma</strong></span> <span class='ocrx_word' id='word_1_394' title='bbox 1247 4181 1298 4242; x_wconf 87' lang='lat' dir='ltr'><strong>ds·</strong></span> 
     </span>
    </p>
   </div>
   <div class='ocr_carea' id='block_1_8' title="bbox 0 0 1400 4709">
    <p class='ocr_par' dir='ltr' id='par_1_11' title="bbox 0 0 1400 4709">
     <span class='ocr_line' id='line_1_47' title="bbox 0 0 1400 4709; baseline 0 9"><span class='ocrx_word' id='word_1_395' title='bbox 0 0 1400 4709; x_wconf 95' lang='lat' dir='ltr'><strong> </strong></span> 
     </span>
    </p>
   </div>
  </div>
 </body>
</html>
