2792 4709
167 327 177 344 ,
233 256 285 332 98
667 256 727 323 nu
760 252 901 324 cluet]

233 424 338 485 sulum
356 419 437 481 hano
457 416 592 481 mediam
614 420 785 495 illustrsut3
806 420 891 482 cuius
910 420 990 481 letus
1003 438 1131 501 vergens
1145 420 1179 481 in
1192 420 1274 481 latus
1286 422 1339 482 iu·

218 513 327 576 ,terius
341 527 399 568 sex
413 506 558 567 viridibus
573 507 721 567 columnis
736 517 868 565 eruatur.
911 503 1020 565 lterum
1030 508 1262 567 intercolumnia
1279 505 1337 567 bs-

234 596 308 654 bsnt
321 595 440 674 pluteos
454 594 568 653 similes
582 593 694 672 pluteis
709 594 823 673 primae
838 592 937 651 aulae.
980 612 1098 651 camera
1117 591 1219 651 media
1240 598 1336 652 sueti-

230 691 321 741 netur
342 680 490 739 columnis
513 679 646 739 colorem
660 678 796 737 medium
810 682 888 736 inter
897 677 1002 735 album
1014 689 1045 735 et
1058 679 1200 756 glaucum
1212 696 1286 757 prae
1300 699 1335 739 se

231 765 412 841 ferentibus,
431 766 465 823 in
481 761 660 846 quadratum
674 762 811 824 ordinem
827 762 994 840 dispositis,
1018 782 1147 843 quornm
1161 761 1238 821 duae
1252 776 1334 823 stant

231 868 296 910 nou
311 851 403 929 lenge
417 867 435 908 a
449 850 543 908 latere
557 850 713 924 exteriori,
737 848 870 929 reliqum
887 846 964 907 dune
980 867 1087 927 pamm
1105 848 1213 907 absunt
1228 848 1265 907 ab
1282 852 1333 907 in-

230 939 335 996 teriori
345 936 440 993 latere
453 945 557 996 orosto
569 954 627 995 sex
638 936 796 995 columnis.
839 952 881 992 ex
893 931 950 991 ltac
963 932 1064 991 media
1077 934 1147 992 auls
1161 936 1261 991 exime
1274 954 1333 1014 pa-

233 1032 278 1081 tet
293 1024 327 1079 in
346 1020 483 1095 umam,
503 1040 559 1101 per
571 1039 675 1079 arcum
686 1031 751 1079 trun
763 1020 824 1077 late
837 1028 991 1098 petentem
1005 1036 1099 1100 quem
1112 1020 1254 1092 alterum,
1278 1040 1335 1098 per

233 1124 325 1189 quem
348 1104 448 1165 aditus
471 1116 517 1165 est
537 1106 675 1184 aprime
694 1106 764 1165 auls
779 1107 811 1163 in
826 1102 1001 1163 secundam.
1043 1106 1132 1162 tertia
1144 1106 1213 1163 auls
1224 1106 1335 1164 similis

233 1192 405 1271 cstptimas
417 1189 721 1269 sulaelougiurdine,
741 1191 897 1265 fenestris,
918 1186 1144 1269 parastsdibns,
1168 1190 1334 1265 columnis3

233 1278 342 1359 quibus
360 1286 501 1357 quattuor
513 1278 677 1335 sustinetur
689 1278 755 1335 eius
771 1294 904 1348 camera,
926 1285 956 1333 et
974 1274 1053 1333 latus
1071 1276 1195 1333 iuterim
1210 1294 1269 1333 sex
1285 1278 1334 1333 vi-

232 1361 357 1421 ridibus.
398 1363 461 1419 iam
471 1380 543 1421 vero
554 1363 634 1419 inter
646 1361 723 1440 pilas
735 1358 826 1434 duas,
847 1360 955 1443 quibus
968 1362 1131 1419 sustinetur
1143 1370 1248 1440 quarn
1261 1380 1334 1439 pers

230 1445 377 1527 sphaerae
395 1444 604 1521 occidentalis,
627 1456 748 1505 exstant
769 1454 910 1525 quattuor
930 1446 1089 1505 columnae
1108 1444 1237 1521 virides,
1259 1466 1334 1503 eae·

232 1530 363 1613 demque
378 1530 470 1589 binae
485 1534 565 1590 inter
578 1550 611 1592 se
624 1534 815 1591 coniunctae:
836 1530 915 1589 iuter
928 1527 984 1589 has
1000 1528 1187 1590 intercedunt
1204 1550 1261 1589 ssx
1277 1550 1334 1591 cc-

229 1618 372 1677 lumellas
388 1617 499 1676 virides
512 1619 643 1675 Ionicae.
685 1614 831 1675 hacteuus
847 1615 979 1695 Gyllius.

312 1699 367 1766 40.
409 1704 445 1761 ln
465 1704 590 1761 istarum
603 1702 741 1761 aularum
759 1702 947 1781 superiorum
964 1718 1024 1757 rma
1036 1700 1213 1781 imperatrix
1228 1702 1331 1759 conei-

230 1796 309 1846 uere
322 1786 446 1860 solebat,
468 1806 539 1846 cnm
550 1785 662 1846 divinis
675 1787 781 1845 officiis
797 1788 949 1843 intererat.
969 1783 1003 1843 id
1018 1782 1127 1844 diserte
1144 1783 1236 1843 tradit
1245 1788 1331 1845 lina-

228 1874 329 1951 grins,
357 1872 410 1930 nbi
434 1870 472 1931 de
494 1873 641 1933 columnis
655 1869 858 1945 Thessalicis,
886 1888 965 1951 quae
984 1867 1025 1928 ad
1043 1872 1279 1949 septentrionem
1300 1882 1331 1929 et

227 1956 387 2015 meridiem
398 1966 561 2038 utrumque
573 1976 676 2017 arcum
690 1956 953 2035 septentrionalem
966 1965 999 2013 et
1007 1954 1208 2017 meridianum
1218 1956 1331 2015 sufful-

227 2044 331 2101 ciunt:
352 2040 386 2104 ίν
405 2040 492 2126 δεξιῷ
511 2038 545 2105 di
558 2040 613 2105 ssi
631 2037 708 2105 sesi
725 2036 758 2105 sd
774 2035 934 2122 ουόίνυμον
945 2042 1046 2114 κίονες
1057 2035 1162 2116 αὐτοῖς
1175 2036 1332 2122 παρατετά-

226 2148 314 2208 χαααι
325 2124 360 2189 λα
376 2128 527 2189 Θετταλοῦ
540 2128 633 2189 λίθου
652 2124 868 2206 πεποιημένοι·
898 2123 1026 2209 simpuio
1046 2122 1080 2188 di
1098 2129 1331 2205 μετεωρίζουσα

227 2210 339 2293 &losse
353 2212 574 2292 παραπλησίοις
587 2211 679 2287 sices,
701 2204 886 2293 specimus
901 2216 964 2285 τοῖς
980 2210 1177 2292 βουλομένοις
1194 2208 1331 2287 διδόντες

224 2291 316 2370 iord
337 2290 519 2377 τελούμενα,
547 2290 625 2360 ὅθεν
645 2294 698 2360 eei
719 2294 744 2377 si
763 2295 882 2377 βασιλὶς
899 2299 1041 2379 παροῦσα
1060 2302 1126 2371 ταῖς
1147 2295 1268 2381 ἑορταῖς
1290 2302 1330 2384 τῇ
1385 2337 1386 2352 1

226 2381 382 2467 ispoupylp
393 2384 457 2445 seis
468 2382 641 2463 μυοοηρίαν
652 2380 819 2459 hissam„

309 2466 363 2531 st.
406 2470 442 2525 ln
460 2464 539 2525 hanc
561 2486 703 2547 superam
720 2464 802 2525 aedis
821 2474 938 2545 partem
959 2482 1101 2525 ascensus
1117 2466 1221 2525 existit
1235 2476 1329 2547 quat·
1383 2538 1384 2541 Ἴ

122 2619 124 2622 ,
224 2560 294 2612 tuor
305 2549 453 2628 cochleis,
474 2571 551 2634 quas
562 2550 629 2611 dixi
643 2550 683 2612 ad
696 2550 864 2611 fulciendas
876 2560 1018 2631 quattuor
1033 2554 1161 2609 maiores
1172 2552 1250 2630 pilas
1266 2572 1327 2609 uns
1383 2548 1384 2554 ’

224 2656 396 2695 cummuro
411 2639 585 2717 oppourisse
600 2640 815 2711 lustiuisnum,
846 2656 917 2695 cum
939 2636 1107 2715 collapsum
1127 2634 1328 2715 hemisphue-
1382 2638 1383 2656 ¹

225 2722 306 2779 rium
323 2719 423 2781 denuo
442 2722 630 2781 instaurarit.
671 2725 793 2801 κοχλίας
815 2720 966 2781 Cedreruts
991 2722 1124 2801 appellat
1145 2721 1212 2781 looo
1233 2742 1327 2800 supra
1381 2734 1382 2758 l

224 2804 375 2884 descripto
389 2826 422 2863 n.
434 2808 485 2880 86,
505 2804 636 2865 sednon
653 2808 725 2865 satis
744 2806 872 2884 proprie,
889 2808 989 2885 iuquit
1002 2807 1129 2885 Gyllius,
1146 2824 1215 2865 cum
1226 2810 1326 2885 magis
1380 2822 1381 2860 t

223 2890 256 2950 in
271 2890 460 2948 anfractuum
474 2889 657 2948 ncrrnslium
676 2908 768 2969 quum
785 2888 973 2948 cochlearum
990 2890 1116 2949 modum
1130 2890 1241 2969 gradus
1255 2912 1326 2951 sur-
1379 2924 1380 2962 t

224 2984 314 3055 gant:
337 2978 472 3055 quinque
490 2977 573 3033 euim
587 2975 626 3033 ab
644 2975 825 3036 anfractibus
843 2975 880 3033 ab
896 2976 957 3033 imo
973 2974 1157 3049 ascenditur,
1187 2996 1248 3035 nou
1266 2998 1326 3035 ex·
1378 3000 1379 3064 p

224 3062 367 3141 ceperatis
378 3060 412 3117 iu
428 3058 555 3138 gradus,
584 3057 640 3119 sed
654 3062 688 3118 in
702 3062 827 3119 mollem
841 3060 952 3118 clivum
967 3060 1141 3120 substructis
1156 3080 1196 3119 ex
1211 3065 1325 3140 smplis

222 3146 334 3204 mensis
348 3148 534 3204 marmoreis.
578 3144 687 3205 lterum
707 3148 839 3226 quinque
862 3145 1051 3203 anfractuum
1069 3147 1180 3225 singuli
1194 3147 1249 3205 alti
1264 3167 1324 3206 uu·
1375 3180 1377 3269 p

222 3230 369 3307 devigiuti
382 3228 476 3307 pedes
498 3241 529 3290 et
548 3229 774 3311 sesquipedem,
800 3231 852 3288 lati
865 3232 998 3311 quinque
1010 3229 1121 3310 pedes3
1154 3234 1325 3312 exquibus

221 3324 305 3394 patet
324 3318 528 3393 pavimentum
550 3319 739 3395 superiorum
763 3317 931 3394 porticuum
954 3335 1007 3373 seu
1030 3319 1288 3396 yuvcmstiduru
1306 3339 1324 3375 α

219 3402 394 3477 parimento
413 3410 443 3457 et
462 3402 527 3459 solo
545 3400 628 3461 aedis
646 3398 686 3457 ad
702 3400 890 3459 altitudinem
904 3398 1017 3478 pedum
1031 3406 1072 3464 97
1088 3411 1118 3459 et
1131 3402 1324 3482 sesquipedis

220 3482 379 3559 eductum,
416 3484 602 3567 proindeque
627 3486 774 3566 reliquum
795 3484 879 3544 aedis
897 3484 1087 3545 altitudinem
1108 3485 1148 3544 ad
1167 3507 1321 3546 summam

221 3580 410 3628 curvaturam
430 3589 555 3631 arcuum
569 3568 611 3635 45
632 3568 746 3649 pedum
768 3568 999 3649 etsesquipedis
1016 3570 1125 3644 luisse,
1154 3572 1319 3651 siquidem,

218 3664 253 3712 ut
270 3654 408 3713 observet
426 3656 565 3734 Gyllins,
593 3666 657 3714 tota
673 3654 781 3735 templi
803 3654 930 3713 altitudo
953 3674 970 3712 s
990 3659 1162 3734 pavimento
1178 3656 1218 3715 sd
1231 3660 1320 3717 illem

220 3748 408 3798 curvaturam
421 3750 468 3799 est
484 3738 544 3806 142
555 3740 678 3821 pedum.
722 3740 904 3799 sntuuibus
923 3741 989 3799 istis
1009 3738 1173 3799 succedunt
1194 3744 1246 3799 alii
1262 3763 1320 3800 au·

216 3824 330 3883 fractus
345 3843 441 3904 usque
455 3823 495 3885 ad
507 3828 612 3907 templi
627 3836 749 3899 tectum,
771 3844 832 3884 non
845 3826 931 3883 olivis
948 3826 1068 3898 molliti,
1091 3825 1191 3885 sedin
1205 3827 1318 3905 gradus

216 3910 313 3968 fracti.
355 3930 410 3991 per
431 3908 486 3968 hos
506 3912 598 3989 igitur
621 3911 772 3970 sustactus
792 3922 822 3969 et
845 3907 982 3969 cochleas
1005 3908 1155 3969 adeuntur
1175 3914 1265 3971 aulae
1288 3924 1317 3971 et

216 3996 349 4075 porticus
369 3998 537 4072 superiores
554 4006 585 4056 et
605 4014 743 4058 summae
764 3996 870 4074 templi
886 4004 996 4073 partes.
1037 4006 1133 4055 tutem
1147 3994 1227 4056 hauc
1243 4017 1317 4075 grn-

216 4078 310 4139 duum
334 4082 442 4139 seriem
460 4080 650 4160 λαβύρινθον
672 4070 1071 4163 &circumuectumque
1088 4084 1142 4159 τῆς
1155 4082 1316 4159 heinsius,-

213 4177 300 4224 vocet
314 4166 459 4245 Scylitzes
472 4186 504 4243 p.
516 4162 588 4229 804.
631 4168 771 4224 meminit
783 4176 935 4245 praeterea
950 4165 1061 4223 Paulus
1077 4166 1228 4227 Diacouus
1241 4168 1264 4223 l.
1274 4170 1314 4229 23

213 4250 362 4311 Historiae
377 4252 530 4311 Miscellse
552 4268 693 4311 ascensus
715 4253 746 4308 in
761 4248 994 4308 Cateclrumenia
1016 4268 1070 4328 per
1084 4251 1223 4313 Aeneam
1241 4270 1315 4330 pot·-
