2792 4709
484 179 687 250 aetolaus
712 181 738 247 l
1083 176 1155 252 143

28 343 227 408 Nembrodc
240 347 348 406 tacitns
362 344 529 423 adsimilat,
559 347 612 430 qui
625 349 733 407 turrim
747 346 842 406 Babel
856 345 1053 408 exaedificare
1065 349 1155 408 insti-

29 438 112 510 tuit,
129 441 171 492 ut
187 453 207 490 a
221 430 270 492 dei
283 443 430 516 potestate
442 454 474 493 se
484 435 641 507 liberaret3
663 433 745 494 unde
759 453 799 492 ex
814 432 1003 514 quorundam
1014 436 1154 514 opinione

30 517 245 578 idololatriae
258 528 425 578 monstrum
439 530 537 578 ortum
552 515 667 578 habuit.
710 518 830 596 Pisida,
858 531 891 578 ut
904 518 1039 596 videtur,
1069 523 1154 579 lose-

32 603 148 685 phum
171 615 292 665 secutus
312 615 373 680 est,
405 607 457 686 qui
469 605 579 686 Aou'q.
597 605 667 664 Iud.
690 607 708 668 1
728 604 749 670 4
770 609 813 664 ait
829 604 1034 665 Nembrodum
1053 617 1154 666 contra

35 689 146 750 deum
156 689 351 770 tyrannidem
359 687 523 768 affectasse,
536 689 734 772 hominesque
745 712 781 752 eo
793 693 990 750 contumeliae
1004 694 1038 749 in
1052 688 1153 770 deum,

36 787 72 836 et
91 773 317 856 despiciendae
331 773 504 854 adduxisse,
526 788 560 835 ut
574 781 617 836 eis
630 779 811 858 persuaserit
822 797 861 836 ne
876 775 932 836 deo
948 776 1155 854 concederent,

38 865 143 942 eique
170 869 324 940 acceptam
341 863 486 922 referrent
504 883 589 922 suam
608 864 794 923 felicitatem.
836 864 939 922 forsan
953 866 1046 922 etiam
1061 865 1155 922 Nem-

38 945 149 1006 brodo
165 945 312 1006 chosroes
331 947 495 1024 confertur,
525 951 596 1030 qnia
613 969 653 1008 ex
667 951 872 1008 Hebraeorum
886 953 1033 1009 sententia
1044 950 1157 1008 ima-

40 1035 94 1093 nis
111 1033 171 1090 ille
186 1035 234 1092 vir
246 1036 360 1111 primus
376 1037 490 1094 cultum
502 1036 581 1114 ignis
596 1035 628 1092 in
642 1032 825 1094 chaldaeam
836 1035 949 1095 intulit.

44 1108 47 1116 ¹
139 1121 196 1181 28.
239 1119 394 1179 Heraclius
415 1117 579 1180 chosroam
603 1122 770 1200 fugientem
791 1132 924 1198 secutus,
960 1139 1157 1202 quaecunque

41 1203 171 1284 templa
185 1205 250 1282 igni
267 1201 364 1264 dicata
378 1208 411 1264 in
424 1203 547 1268 Perside
562 1209 694 1284 invenit,
718 1208 784 1267 solo
804 1209 943 1289 aequarit
951 1251 960 1280 ,
990 1208 1156 1284 etcopiose

42 1300 158 1348 narrat
171 1287 377 1370 Theophanes
390 1312 406 1350 a
415 1314 452 1372 p.
469 1296 531 1357 257
545 1290 583 1351 ad
596 1291 669 1358 276.
712 1305 743 1351 at
755 1289 876 1368 Pisida,
897 1303 932 1351 ut
947 1302 1038 1372 puto,
1057 1293 1158 1349 innuit

43 1373 101 1432 hio
116 1375 279 1454 palatium,
303 1375 384 1458 quod
398 1377 543 1438 chosroes
556 1376 662 1436 habuit
673 1379 791 1455 Gazaci,
814 1389 844 1438 et
855 1399 873 1436 a
888 1396 948 1458 quo
961 1379 1094 1457 primum
1106 1397 1158 1435 se-

47 1459 165 1519 cedere
181 1471 369 1522 mactasset.
411 1461 487 1522 haec
502 1466 586 1524 enim
603 1464 662 1522 fuit
676 1467 774 1543 prima
793 1475 823 1524 et
841 1465 971 1522 mrsstom
986 1461 1157 1542 spectabilis

47 1545 192 1604 Heraclii
206 1548 347 1624 victoria,
375 1567 435 1630 qua
447 1549 558 1628 fugatis
574 1546 726 1626 hostibus,
748 1562 783 1609 ut
796 1548 879 1608 idem
892 1546 1096 1628 Theophanes
1110 1558 1158 1606 te-

49 1642 153 1690 statur
163 1653 200 1710 p.
216 1633 289 1709 258,
312 1635 461 1694 Gesacum
475 1636 603 1695 Orientis
617 1638 770 1696 civitatem
785 1637 950 1716 occuparit,
972 1634 1006 1697 ἐν
1020 1627 1044 1718 ᾖ
1057 1633 1159 1716 dusio-

49 1739 106 1798 χεν
123 1715 143 1779 d
159 1713 233 1794 ναὸς
244 1722 302 1781 sori
316 1716 414 1801 πυρός
432 1719 484 1784 καὶ
504 1717 541 1784 τὰ
559 1715 694 1802 χρήματα
706 1721 844 1804 Κροῖσον
863 1724 920 1785 τοῦ
932 1722 1049 1783 Λυδῶν
1070 1722 1160 1801 βασι·

50 1801 132 1876 idue
153 1801 208 1866 ascl
230 1801 253 1885 ἡ
273 1797 373 1886 πλάνη
391 1810 452 1870 ταῖν
474 1801 648 1890 α’νθράιιων.
702 1828 755 1868 cur
778 1817 879 1866 autem
898 1805 1000 1866 Pisida
1021 1805 1099 1864 dicat
1120 1803 1159 1865 de

53 1887 194 1950 chosroe
214 1885 266 1952 aul
287 1886 360 1964 θεὸς
383 1887 581 1970 φαντάζεται,
610 1894 711 1974 accipe
726 1914 745 1952 a
759 1892 911 1968 cedreno,
934 1893 986 1974 qui
998 1913 1039 1951 ex
1053 1889 1159 1959 Ταρσ-

53 1972 159 2053 phane
186 1977 314 2056 aliisque
342 1978 533 2058 scriptoribus
554 1981 727 2058 Byzantinis
746 1999 835 2040 suam
854 1979 1042 2038 concinnavit
1061 1973 1160 2035 histo-

57 2062 147 2117 riam.
190 2061 217 2120 is
236 2071 336 2120 autem
348 2083 385 2140 p.
403 2063 466 2127 412
486 2063 595 2123 iisdem
610 2067 701 2143 plane
718 2065 836 2141 verbis,
863 2063 972 2145 quibus
991 2060 1160 2142 Theopha-

56 2165 129 2202 nem
144 2165 234 2204 usum
246 2167 311 2206 esse
324 2167 422 2228 nuper
434 2147 575 2226 vidimus,
597 2152 634 2208 ab
652 2151 791 2210 Heraclio
805 2161 923 2229 captam
938 2151 1088 2208 Gesacum
1105 2150 1158 2224 ait,

59 2242 89 2288 et
107 2229 218 2290 deinde
230 2233 402 2312 subiungit:
425 2233 477 2298 acl
492 2232 638 2298 εἰσελθών
653 2235 686 2299 ἐν
701 2232 781 2321 αὐτῇ
797 2229 866 2317 εὗρε
878 2230 913 2298 sd
925 2231 1063 2316 μσσαρόν
1075 2234 1159 2296 aldu-

60 2321 117 2378 λον
129 2319 186 2377 sori
198 2313 347 2400 Χοσρόου,
365 2313 400 2382 so'
414 2342 445 2381 se
460 2313 622 2400 ἔκτύιιωμα
635 2314 731 2384 αὐτοῦ
742 2321 776 2384 lv
787 2325 827 2408 τῇ
838 2325 897 2384 τοῦ
908 2322 1055 2383 natutae
1070 2338 1162 2400 σφαι-

61 2402 177 2482 ροειδεῖ
192 2401 277 2489 στέγῃ
301 2400 342 2478 αὸρ
362 2402 395 2466 ὃν
411 2399 533 2488 ον’ρανρῑ
546 2397 735 2487 καθήμενον,
754 2405 808 2468 ναὶ
820 2405 890 2487 περὶ
901 2407 991 2468 ταῦτα
1005 2399 1094 2486 ἥλιον
1107 2401 1160 2466 καὶ

63 2481 195 2566 σελήνην
209 2487 259 2550 sal
272 2483 383 2572 ἄστρα,
406 2483 452 2564 οἷς
465 2487 483 2554 ὅ
496 2492 689 2571 δεισιδαίμων
705 2490 746 2566 ὥς
758 2497 846 2565 θεαῖς
860 2486 1013 2572 ἐλάτρευε,
1035 2489 1085 2552 aul
1104 2480 1161 2569 ιῖγ·

62 2571 168 2652 μέλους
181 2565 264 2658 αὐτῷ
278 2569 508 2658 σαρισσοφόρους
519 2574 726 2657 περιέστησεν·
749 2575 868 2640 ἐκεῖθέν
882 2598 914 2638 se
928 2577 1072 2658 σιαγόνας
1089 2565 1162 2636 osol-

64 2661 126 2731 ζειν
140 2655 181 2729 οἷς
194 2653 318 2734 ὑετούς,
344 2659 395 2723 aul
409 2657 503 2742 ἤχους
518 2659 559 2736 cic
571 2658 701 2743 βροντὰς
713 2661 886 2743 ἒξηχιῖσθαι
899 2653 916 2726 ὃ
931 2656 1085 2741 &rescisos
1097 2663 1163 2732 ταῖς

65 2749 212 2822 μηχαναῖς
225 2741 446 2825 ἐπιτεχνιὶσανσ.
468 2748 696 2806 celeberrimum
710 2745 768 2808 hoo
779 2750 839 2807 fuit
851 2745 1000 2807 chosroae
1015 2747 1163 2825 palatium

67 2829 104 2886 ab
120 2831 256 2888 Heraclio
271 2828 463 2910 destructum,
485 2830 523 2892 de
538 2853 597 2914 quo
611 2831 761 2893 lohannes
775 2837 889 2893 'l'zetza
905 2832 1036 2892 elatae
1051 2835 1070 2896 8
1088 2830 1158 2888 has.

69 2917 109 2976 66
126 2917 165 2972 ait
179 2917 364 2975 mentionem
376 2917 482 2976 fecisse
494 2920 526 2976 in
538 2915 669 3000 quodam
683 2939 738 2979 suo
752 2923 902 3000 potimatio
916 2919 954 2977 de
966 2915 1101 2996 Templo,
1114 2925 1162 2973 at-

71 3017 128 3078 que
139 3019 179 3059 ex
193 3020 227 3059 eo
239 3012 355 3080 septem
367 3004 436 3061 illos
449 3007 581 3063 senarios
593 3005 716 3083 profert,
731 3005 941 3086 quosAllatius
952 3014 1064 3063 temere
1077 3003 1164 3060 attri-

70 3085 134 3142 buit
148 3083 285 3144 Pisidae:
315 3090 387 3146 satis
405 3090 486 3146 enim
499 3101 599 3167 aperte
618 3088 662 3146 ibi
673 3089 786 3148 Taetza
800 3087 837 3148 de
852 3111 885 3149 se
901 3089 1045 3169 loquitur.
1087 3105 1163 3166 quos

72 3169 192 3250 quidem
208 3173 341 3248 iambos,
369 3184 402 3232 nt
424 3177 566 3250 coniicio,
594 3177 707 3233 Tzetza
728 3176 895 3253 composuit
911 3177 944 3231 in
960 3169 1081 3230 laudem
1093 3175 1164 3251 piae

72 3253 224 3316 cuiusdam
237 3259 447 3337 imperatricis,
470 3278 547 3340 quae
560 3259 756 3338 magnificum
766 3261 915 3340 ternplum
927 3257 1086 3317 artificioso
1100 3258 1165 3316 for-

55 3355 59 3364 '
72 3344 138 3400 nice
153 3351 289 3400 ornatum
299 3347 499 3418 exstruxerit3
516 3365 550 3404 ao
563 3344 688 3424 proinde
701 3343 916 3404 Archimedem
926 3342 1041 3404 inducit
1052 3344 1165 3402 mulie-

74 3430 114 3486 ris
126 3428 244 3504 ingeuio
258 3431 338 3488 rinei
356 3449 389 3488 se
404 3432 593 3488 clamantem.
635 3433 669 3490 iu
683 3434 780 3511 primo
795 3433 877 3490 enim
892 3433 1022 3490 Taetzaa
1035 3431 1164 3503 senario,

73 3509 155 3593 quod
168 3511 263 3571 obiter
276 3512 383 3592 dicam,
394 3514 472 3576 illud
483 3511 560 3597 πρὸς
574 3509 668 3580 osiris
680 3515 720 3574 ad
732 3512 809 3580 sudo
822 3515 967 3594 templum
974 3511 1166 3572 referendum

73 3608 135 3672 est,
161 3607 189 3656 et
201 3596 369 3666 ,ἒπιινθειαι
384 3603 435 3661 rel
455 3599 539 3661 aliud
548 3600 692 3672 ,eiusdem
711 3603 937 3683 significationis
951 3600 1077 3659 verbum
1090 3598 1165 3657 sub·

73 3679 254 3742 audiendum
267 3695 323 3744 est.

158 3767 209 3834 25.
252 3780 287 3828 nt
304 3770 385 3828 euim
403 3767 487 3830 idem
500 3769 653 3832 cedrenus
675 3769 792 3830 ibidem
812 3772 872 3846 ait,
895 3771 989 3832 ταῦτα
1002 3770 1080 3851 γοῦν
1094 3766 1171 3849 πυρὶ

77 3847 228 3931 ἀνάλωσε,
249 3853 302 3918 καὶ
313 3851 364 3918 τὸν
374 3859 429 3918 τοῦ
444 3853 541 3937 woodo
553 3854 627 3921 sado
640 3855 805 3920 κατένασσε
819 3854 872 3918 ascl
883 3859 985 3918 πᾶσαν
998 3849 1055 3933 τὴν
1068 3849 1166 3916 πόλιν.

158 3942 210 4004 26.
251 3961 352 4000 rursus
363 3940 526 4001 chosroam
541 3952 693 4022 comparat
704 3943 810 4017 Xerxi,
828 3939 866 4000 de
878 3959 938 4021 quo
950 3939 1038 4020 plora
1052 3936 1169 3998 anobis

79 4023 157 4086 dicta
168 4023 203 4082 dc
215 4026 332 4106 Exped.
350 4031 371 4090 2
389 4029 449 4092 808
467 4037 496 4084 et
508 4048 590 4108 seqq.

160 4113 209 4174 28.
253 4111 354 4171 confer
373 4111 486 4170 ibidem
500 4133 531 4172 r·
546 4117 618 4178 316.
661 4109 744 4192 quod
763 4107 866 4170 Pisida
886 4105 974 4183 dicit,
1007 4104 1170 4167 chosroam

81 4199 225 4279 moritus
239 4192 289 4260 uia
302 4193 415 4278 βυθόν,
432 4196 470 4256 ad
484 4199 600 4258 bellam
611 4199 773 4258 Abarioum
785 4207 831 4256 est
843 4191 1042 4270 referendum,
1060 4190 1098 4251 de
1110 4211 1169 4274 quo
1218 4277 1224 4286 ι
