2792 4709
400 224 445 290 n
466 224 639 293 mim
662 224 892 295 ermom
1120 226 1191 299 129
1230 318 1240 339 ι

176 391 227 453 68.
271 385 380 449 alludit
400 388 440 449 ed
458 394 557 451 maiae
575 388 761 451 diverterem
775 396 911 473 gentium
926 393 960 452 iu
977 396 1131 472 lluropem
1147 396 1192 452 ir-

82 476 261 554 ruptiones,
290 474 329 535 de
350 477 460 557 quihus
475 461 546 536 vide
561 496 651 557 cupre
665 480 701 539 iu
714 478 847 551 Monitc,
873 480 926 537 uhi
942 480 1133 540 observatum
1146 488 1193 539 eet

80 580 198 619 umnec
214 560 355 620 herharoe
368 564 493 644 origini·
507 561 666 642 Scythicae
680 563 786 623 fuiaee.
815 564 930 625 Aburee
946 576 1048 624 autem
1060 562 1193 643 Gepidee

82 655 121 703 et
127 645 354 725 Langobardos,
370 651 423 730 qui
439 651 530 728 primi
542 653 652 707 luteum
664 651 842 709 traiecerant
856 660 886 709 et
901 653 934 708 iu
950 652 1106 709 Pannonia
1118 668 1193 709 con·

82 735 245 807 etiterum,
267 732 301 791 iu
317 733 423 813 fugem
437 737 560 793 vertime
575 745 606 792 et
617 736 683 794 loca
695 735 733 794 ab
746 735 809 795 illia
824 728 968 817 occupata
980 737 1039 796 eihi
1051 737 1194 795 retinuis-

82 836 135 893 se,
157 819 243 878 teetie
255 830 302 877 eet
314 817 655 898 AlexanderdeLegat.
668 840 707 899 p.
726 818 799 884 114.

178 905 231 967 69.
273 908 331 967 τοῦ
344 904 499 986 γέροντος,
520 904 660 965 videlicet
675 904 815 985 Scythae.
862 906 973 987 quippe
985 908 1048 966 iem
1061 906 1098 965 ab
1114 926 1195 965 enno

86 989 133 1050 18
149 988 271 1067 imperii
284 989 420 1050 Valentis
433 994 560 1050 Huuuce
581 992 631 1049 vel
647 988 776 1070 Scythae
792 994 825 1049 iu
837 990 1002 1052 Thracium
1014 1010 1111 1074 ueque
1124 1011 1197 1072 per-

83 1074 208 1131 vesisee
223 1074 339 1135 dictum
351 1085 397 1135 eet
410 1078 443 1133 in
456 1078 591 1148 Muttito,
612 1094 648 1136 ac
659 1078 830 1137 luculenter
844 1075 1029 1139 demonstret
1042 1078 1196 1136 Marcelli-

84 1176 150 1217 nun
162 1162 202 1223 81
220 1164 253 1223 9.
295 1161 375 1221 iufra
391 1182 423 1222 v·
439 1165 482 1228 88
495 1166 551 1225 toti
563 1161 702 1246 γέροντος
717 1160 852 1245 ἔγγονον.

177 1247 231 1307 78.
274 1264 381 1307 remur
396 1250 506 1327 opinor
518 1246 569 1306 hic
581 1258 637 1308 eat.
670 1267 740 1327 epae
753 1250 842 1309 nobie
854 1248 1099 1307 iueratAherum
1112 1266 1197 1307 mor-

86 1340 173 1405 tem,
195 1331 249 1409 qui
262 1333 317 1391 mh
331 1335 497 1393 luetiuieuo
509 1336 587 1413 imp.
603 1344 720 1393 metm
733 1337 870 1413 regione·
884 1343 1116 1413 occupaverant,
1137 1352 1196 1392 uo-

87 1417 164 1473 stris
176 1418 267 1475 mulie
281 1418 374 1490 finem
385 1438 451 1479 eece
466 1418 645 1477 allamram:
669 1418 725 1478 red
736 1416 794 1499 reio
808 1424 867 1501 γῆν
879 1416 1022 1498 cottum
1036 1417 1068 1494 ἐξ
1081 1416 1198 1497 ierim

88 1499 227 1579 εἵλκετο,
256 1506 310 1584 qui
323 1515 442 1564 mortuo
457 1508 618 1579 succeseit,
645 1506 757 1563 mortui
770 1516 910 1563 naturum
928 1502 1037 1563 induit.
1079 1506 1197 1563 immite

87 1602 280 1668 saevumque
290 1600 452 1668 parentum
462 1592 621 1669 ingenium
632 1588 803 1649 traductum
817 1600 863 1649 eet
876 1593 909 1649 iu
921 1590 1008 1664 filice,
1023 1592 1076 1671 qui
1088 1607 1196 1670 aeque,

88 1689 130 1727 ae
143 1672 193 1729 illi
210 1672 332 1733 herheri
351 1686 382 1734 et
401 1672 537 1735 crudeles
552 1674 662 1735 detecti
680 1685 761 1735 eunt.
804 1675 882 1734 maii
893 1677 973 1734 enim
987 1678 1082 1749 comi,
1104 1684 1139 1735 ut
1152 1683 1198 1737 eet

86 1759 125 1813 in
136 1759 305 1835 proverbio,
327 1758 445 1819 malum
459 1780 561 1820 omem.

87 1926 143 1985 ιω
179 1845 232 1908 88.
272 1847 373 1907 simile
390 1844 469 1905 illud
482 1848 601 1906 Horatii
615 1848 716 1928 Epist.
736 1850 754 1910 1
779 1850 820 1913 10
839 1844 899 1913 24:
932 1856 1076 1917 natum
1097 1844 1198 1925 expel-

165 1940 223 1993 etc.
423 1932 429 1945 '

180 2016 235 2078 86.
278 2016 318 2074 cf.
331 2018 481 2078 Homerus
498 2016 631 2083 Iliad-2
651 2017 726 2085 488.

180 2102 235 2163 87.
276 2102 412 2161 Aberum
432 2122 527 2183 geum
553 2124 594 2163 ex
614 2102 753 2164 adductis
768 2103 881 2177 music,
911 2098 994 2183 quod
1013 2120 1055 2161 ex
1074 2098 1201 2183 Scytlrie

90 2184 301 2263 prosilueriut,
323 2182 512 2269 ξονόοπορον
522 2187 610 2271 ripae
620 2191 764 2271 appellat.
806 2188 934 2247 fortasse
949 2185 990 2247 ed
1003 2190 1117 2247 iormee
1131 2187 1202 2247 foe-

91 2268 223 2329 ditatem
236 2270 355 2348 alludit,
378 2272 487 2356 deque
501 2278 732 2335 eichmienue
742 2274 935 2335 Marcellinus
944 2294 981 2351 p.
996 2268 1076 2338 615:
1098 2273 1202 2331 llunni

91 2355 284 2433 madentem
295 2358 422 2431 etbuike,
444 2355 607 2439 compactio
619 2360 888 2439 omneefinnisque
898 2357 1039 2417 manibrio
1055 2368 1083 2417 et
1095 2358 1203 2435 opimis

93 2441 277 2515 ommium,
292 2443 487 2525 prodigiam
492 2446 619 2525 formae
633 2455 664 2503 et
670 2446 788 2524 pandi,
809 2454 844 2502 ut
858 2442 978 2523 bt'pedee
990 2444 1136 2501 αἰοῐίιοοο
1149 2441 1200 2500 be-

93 2529 186 2600 en'uc,
206 2529 257 2588 vel
266 2529 372 2609 quake
383 2532 417 2589 in
432 2532 709 2611 commarginandis
718 2528 867 2608 pontibus
880 2528 1006 2609 effigiati
1018 2528 1133 2609 capim
1145 2526 1201 2587 do-

94 2612 204 2671 lantur
222 2616 380 2694 incompte.
425 2636 462 2675 ac
483 2614 521 2676 de
545 2636 649 2676 eorum
670 2617 786 2695 origine
810 2614 894 2674 idem
916 2624 1018 2673 auctor
1028 2634 1065 2691 p.
1079 2616 1141 2678 618
1157 2616 1200 2673 tic

93 2701 157 2757 eit:
179 2698 343 2781 nullaeque
359 2702 448 2781 opud
463 2722 512 2761 ece
530 2702 730 2783 iuterrogatus
742 2700 919 2779 respondere
930 2699 1011 2759 unde
1022 2702 1118 2758 oriher
1127 2708 1201 2779 pct-

94 2794 155 2857 eet,
175 2784 254 2843 alibi
265 2798 436 2867 conceptam,
457 2798 607 2869 nutumque
614 2787 740 2868 promel,
761 2798 791 2845 et
801 2786 924 2867 longine
938 2786 1092 2846 οᾰιιοαίιιε.

183 2874 237 2936 88.
278 2870 350 2931 vide
359 2894 390 2931 v.
403 2877 456 2939 69.

184 2958 238 3019 89.
278 2958 474 3017 barbarorum
485 2956 713 3018 multitudinem
733 2968 764 3018 et
778 2959 928 3018 feritatem
941 2966 1045 3033 notet,
1077 2953 1116 3014 de
1131 2955 1202 3036 qul-

96 3042 158 3099 bue
177 3042 355 3102 consulendi
374 3054 509 3103 auctores
529 3046 563 3101 in
581 3046 702 3105 Mom'to
718 3042 845 3103 laudati.
887 3040 943 3102 eed
955 3052 1086 3121 praestat
1099 3042 1201 3119 legere

96 3128 298 3187 Ammienm
309 3130 536 3205 Marcellinum,
565 3132 619 3210 qui
639 3148 727 3189 auam
747 3130 950 3188 narrationem
969 3128 1013 3187 eic
1028 3124 1201 3186 exorditur:

94 3213 289 3272 Hunnorum
302 3236 393 3295 gene,
421 3217 621 3274 ntommunteh
631 3212 780 3275 vecibus
799 3213 904 3272 leviter
920 3220 993 3272 nota
1085 3230 1202 3273 omnem

95 3297 365 3379 modumserituuh
379 3301 501 3360 excedit.

185 3386 238 3447 93.
280 3388 456 3445 Freuciccue
469 3388 554 3445 Foris
569 3381 727 3446 Otrckocei
740 3404 767 3443 c.
784 3382 805 3448 4
813 3404 851 3463 p.
870 3380 932 3451 124
951 3384 984 3441 in
1002 3384 1065 3441 suis
1084 3380 1204 3441 Hunnie

96 3467 350 3531 commendandis
367 3490 488 3551 eemper
508 3469 638 3550 diligens
657 3480 689 3529 et
711 3468 863 3530 studiosus
880 3466 1001 3529 Athllee
1021 3469 1202 3541 convivium,

97 3551 141 3611 de
158 3572 217 3634 quo
228 3556 348 3617 Prieeue
363 3558 550 3637 quxcerpt.
563 3558 674 3635 Legat.
685 3577 723 3634 p.
740 3558 799 3631 67,
832 3574 901 3613 cum
922 3555 1046 3613 Aeeueri
1065 3552 1202 3611 convivio

95 3658 164 3698 non
177 3637 295 3702 dubitat
306 3662 489 3723 comparere.
531 3640 644 3701 exinde
658 3650 760 3700 autem
776 3638 957 3719 Scytharum
972 3638 1204 3719 temperantiam

96 3724 272 3785 immodicis
301 3728 386 3787 effert
411 3727 563 3788 leudibus.
606 3746 713 3787 verum
737 3727 911 3785 meminisse
938 3744 1009 3783 eum
1038 3722 1203 3803 oportebat,

98 3807 164 3867 dici
185 3812 309 3872 nclitum
333 3813 372 3873 de
397 3816 436 3873 iie
461 3818 514 3897 qui
543 3812 792 3893 intemperantiae
817 3814 890 3871 vino
916 3808 1093 3889 indulgent,
1129 3825 1205 3871 cnu-

95 3901 238 3960 θοπιεῖν.

186 3983 240 4047 94.
282 3985 413 4064 primam
425 3985 561 4046 Abarum
576 3984 716 4044 Heraclio
739 3992 882 4063 regnante
904 3990 1006 4041 contre
1023 3970 1143 4061 cpolim
1161 3978 1204 4034 ir-

99 4069 274 4145 ruptionem
286 4090 408 4129 narrare
425 4068 607 4150 aggreditur.
649 4072 738 4151 plura
757 4066 796 4129 de
817 4064 875 4127 hec
887 4086 919 4126 re
933 4068 965 4124 iu
980 4062 1127 4124 chronico
1143 4064 1203 4120 Pe-

99 4150 200 4211 echeli
208 4176 245 4233 p.
264 4158 341 4231 889,
363 4158 396 4214 in
411 4154 600 4235 Theophane
613 4178 649 4234 p.
666 4157 740 4231 252,
762 4157 794 4213 iu
807 4151 976 4233 Nicephcro
995 4152 1097 4227 Comp.
1115 4150 1200 4206 Hist.

93 4258 134 4314 p·
154 4240 187 4315 9,
209 4257 243 4298 ec
259 4251 327 4320 poet
342 4260 394 4301 ece
410 4245 442 4300 iu
452 4240 588 4301 cedreno
597 4264 632 4321 p·
650 4241 722 4319 408,
745 4250 775 4300 et
787 4243 819 4299 in
830 4240 959 4299 Bercuio
974 4235 1014 4295 ed
1029 4236 1119 4295 linem
1132 4236 1204 4293 enni
