2792 4709
212 242 320 294 xxrm
646 216 849 334 4Qontto1t
1384 277 1385 344 ,

213 398 247 458 in
261 389 370 478 quibus
386 393 451 454 eius
466 385 597 474 genuina
608 393 719 473 scripta
733 395 879 454 contineri
892 403 944 454 ant
958 392 1090 454 vidimus
1106 403 1158 452 aut
1171 393 1385 473 legimuzt

213 496 246 558 in
260 495 444 557 bibliotheca
457 499 600 558 Vaticana
613 499 748 578 quinque
762 487 831 558 aunt
843 495 1018 558 hnnmodi
1029 496 1163 572 codices,
1186 495 1385 578 quorum

213 604 329 684 primus
349 603 486 681 signatur
500 619 585 685 num·
604 602 675 665 121.
718 603 752 660 in
774 591 809 660 'eo
831 610 948 681 praeter
964 595 1153 676 cleomedis,
1174 593 1385 676 Dionysii

212 707 405 784 Periegetae,
427 700 582 763 Theodori
598 703 757 764 Prodromi
771 705 958 784 aliorumque
973 723 1064 782 opera
1076 711 1147 762 sunt
1162 699 1385 782 receptant

216 803 361 872 διακόνου
381 806 435 869 καί
455 808 689 890 ρεφεοσνδαρίου
707 811 764 870 τοῦ
787 805 919 870 Πτοίδου
935 809 1027 887 στίχοι
1041 805 1084 904 alp
1098 800 1156 886 edo
1168 799 1312 884 Ἐξαῆμ
1319 823 1385 862 ε-’

215 933 281 992 ρον.
324 909 423 970 codex
443 904 490 970 est
506 913 741 987 minutissimus,
764 909 818 970 sed
833 911 1018 990 elegantibus
1033 910 1140 968 litteris
1151 919 1331 967 exaratus
1351 923 1367 960 :

215 1013 310 1072 iambi
323 1014 449 1092 singulis
464 1015 583 1094 paginis
604 1017 636 1073 in
657 1023 797 1096 quattuor
812 1014 965 1072 colunmas
981 1009 1172 1090 digeruntur,
1193 1031 1261 1070 non
1286 1011 1362 1067 ita

214 1125 318 1175 tamen
328 1127 364 1175 ut
378 1127 439 1176 tote
451 1117 590 1177 columna
599 1121 697 1198 prima
711 1114 840 1196 legenda
852 1118 904 1191 sit,
927 1127 1088 1196 antequam
1100 1113 1139 1175 ad
1148 1112 1357 1174 secundam

217 1221 287 1301 quis
300 1216 526 1299 progrediatur,
548 1219 603 1280 sed
616 1241 635 1279 a
648 1221 776 1300 singulis
792 1221 936 1299 cuiusque
951 1217 1107 1278 columnae
1123 1221 1230 1298 primis
1246 1235 1353 1276 rer-

217 1321 301 1382 sibus
324 1322 533 1402 incipiendmn
558 1327 613 1400 sit,
641 1335 672 1384 et
693 1327 736 1384 sic
759 1321 867 1382 deinde
892 1319 1076 1380 veniendum
1097 1319 1135 1380 ad
1155 1318 1348 1394 secundos,

216 1427 338 1501 tertios,
361 1438 500 1507 quartos,
522 1436 612 1508 atque
635 1447 670 1486 eo
691 1423 795 1486 ordine
810 1421 1046 1484 continuandum
1059 1403 1155 1505 usque
1170 1421 1211 1481 ad
1222 1421 1345 1481 finem

217 1529 357 1607 paginae.
401 1539 534 1588 ceterum
550 1529 654 1588 multis
679 1537 773 1588 scatet
792 1527 957 1602 erroribus,
984 1546 1018 1584 ao
1036 1527 1137 1606 plures
1157 1529 1190 1584 in
1207 1545 1245 1585 eo
1262 1517 1342 1584 de'-

218 1642 430 1707 contrusus,
458 1634 560 1712 plures
582 1643 651 1692 sunt
674 1643 760 1690 extra
783 1629 920 1690 ordinem
941 1631 1123 1708 transpositi.
1166 1627 1338 1688 secundus

220 1731 318 1792 codex
329 1731 490 1796 Vaticanus
505 1747 550 1793 est
562 1737 641 1810 166,
661 1753 724 1792 non
746 1735 931 1813 ineleganter
950 1730 1005 1792 sed
1024 1733 1155 1792 multum
1170 1726 1336 1792 mendose

218 1835 362 1914 scriptus,
402 1858 471 1896 curn
499 1837 760 1897 emendationibus
781 1857 798 1896 a
820 1839 977 1896 recentiori
1002 1827 1095 1895 manu
1116 1830 1261 1916 adpositis
1284 1837 1331 1892 in

217 1938 366 2018 margine.
409 1943 514 2001 titulus
527 1952 572 2000 est
585 1945 641 2004 τοῦ
653 1935 834 2019 σοφωτάτου
849 1941 901 2002 καί
913 1934 1092 2022 λογιωτάτου
1102 1937 1155 2001 καί
1171 1939 1330 2020 deceper-

217 2041 327 2123 θυρίον
340 2042 397 2124 τῆς
410 2039 540 2126 μεγάλης
555 2043 727 2125 ἐκκλησίας,
748 2045 856 2124 κυρίου
871 2047 927 2106 τοῦ
941 2043 1086 2118 Πισίίυυ,
1107 2043 1200 2122 στίχοι
1214 2040 1326 2121 ἰαμβι-

216 2143 268 2207 κοί
287 2142 362 2228 node
384 2143 438 2210 τὸν
457 2141 644 2229 πατριάρχην
665 2141 1015 2218 Κουστυυτιυουκόίεος
1033 2143 1176 2226 Σίργτου,
1197 2141 1257 2202 hoc
1272 2154 1321 2202 est

217 2250 252 2306 in
263 2249 471 2308 Hexui'moron
485 2250 588 2329 Sergio
602 2251 746 2308 dicatum.
793 2271 834 2309 ex
847 2247 905 2308 hoc
919 2247 1020 2308 codice
1034 2244 1139 2305 decern
1153 2247 1223 2305 illos
1237 2249 1318 2308 ium·

216 2348 271 2409 bos
286 2353 493 2431 supplevimus
509 2356 543 2418 in
558 2352 706 2432 principio
721 2373 751 2412 r.
765 2337 826 2428 ¹22,
850 2353 902 2434 qui
916 2360 987 2412 aunt
998 2353 1030 2408 in
1042 2348 1165 2410 laudem
1181 2346 1317 2408 eiusdem

217 2453 326 2532 Sergii.
371 2448 534 2513 desinitin
555 2475 677 2532 uersum
702 2461 799 2521 1627:
823 2451 920 2530 οὕτως
939 2445 1048 2517 incuso
1067 2446 1318 2534 συμφερόυτυςῆ

216 2550 319 2635 χάρις,
338 2553 394 2615 sed
414 2575 469 2637 pro
492 2552 580 2637 χάρις
599 2557 692 2618 hebet
709 2561 812 2634 κτίσις.
855 2562 959 2618 tertius
981 2556 1077 2617 codex
1096 2559 1258 2617 Vaticanus
1272 2567 1317 2613 est

217 2657 297 2732 867,
318 2661 352 2715 in
372 2678 433 2739 quo
446 2658 508 2723 419
521 2661 615 2719 iambi
627 2673 746 2720 tanturn
764 2663 800 2720 ab
817 2665 1006 2721 Hexennero
1020 2661 1153 2740 excerpti
1165 2661 1315 2739 leguntur,

218 2763 272 2840 qni
286 2771 357 2819 sunt
371 2759 409 2819 de
422 2763 600 2834 animalium
614 2763 862 2844 proprietatibus:
890 2768 995 2844 incipit
1010 2767 1091 2823 enim
1106 2785 1123 2822 a
1138 2785 1226 2824 versu
1238 2767 1315 2828 988:

219 2864 266 2937 τίς
279 2867 392 2947 ταῦρον
403 2860 579 2946 leodoberto,
601 2878 633 2924 et
645 2865 756 2927 desinit
768 2871 801 2926 in
817 2859 938 2926 versum
951 2868 1051 2932 1357:
1072 2862 1149 2949 πρὸς
1159 2861 1255 2948 ἥνπερ
1269 2859 1316 2927 εί-

219 2987 270 3047 χσν
283 2961 392 3031 oduino
406 2960 596 3050 οὐαστρίφετ.
638 2979 720 3029 totus
741 2980 786 3029 est
804 2973 992 3050 negligenter
1006 2981 1035 3030 et
1050 2991 1067 3030 a
1081 2971 1202 3029 barbara
1220 2987 1317 3026 manu
1342 3041 1348 3063 κ

219 3082 377 3148 exaratus,
400 3081 509 3131 utnon
523 3070 641 3132 dubites
657 3094 728 3133 eum
742 3077 917 3156 esequioris
932 3075 1044 3134 saeculi
1060 3071 1189 3156 quodam
1203 3051 1315 3130 Grdeco

219 3192 385 3233 emanasse.
428 3177 534 3235 tibalus
549 3187 595 3235 est
608 3179 762 3260 Peupylov
778 3182 834 3240 τοῦ
846 3172 1024 3257 σοφωτάτου
1038 3175 1090 3238 καί
1105 3169 1249 3239 διακόνου
1259 3176 1316 3253 τῆς
1384 3207 1385 3212 1

217 3279 274 3337 τοῦ
289 3271 704 3359 „perpetuandamque
747 3281 780 3338 in
800 3281 859 3340 fine
875 3283 986 3359 legitur
1002 3278 1084 3354 τέλος
1099 3281 1160 3342 τοῖν
1173 3275 1314 3356 σττχείυν.

217 3380 348 3454 interea,
372 3379 454 3460 quod
473 3383 599 3458 mirere,
620 3382 716 3440 iambi
733 3401 794 3440 non
815 3394 885 3442 sunt
905 3387 1050 3466 σττχηρῶς
1069 3381 1124 3442 sed
1142 3382 1176 3439 in
1192 3357 1332 3437 modurn⁵

216 3499 323 3560 prosae
348 3483 491 3542 orationis
513 3487 650 3564 scriptae.
693 3495 817 3564 quartus
840 3483 938 3545 codex
951 3485 1313 3558 vat.eet1126,mem-

215 3585 396 3662 branaceus,
419 3589 483 3646 eiua
497 3587 613 3648 formae
629 3606 720 3670 quam
735 3585 862 3647 dicimus
876 3591 908 3646 in
923 3593 979 3665 16,
1001 3587 1096 3646 nitide
1115 3597 1145 3645 et
1166 3586 1314 3664 eleganter

64 3711 92 3767 p.
107 3690 199 3747 xxvt
216 3699 262 3766 et,
283 3687 474 3765 nt'ridetur‚
496 3692 575 3748 circa
594 3693 748 3750 saeculum
767 3693 807 3756 13
829 3695 958 3771 aperito
975 3687 1160 3769 calligrapho
1179 3690 1312 3766 scriptus.

212 3795 240 3852 is
260 3803 306 3852 est
326 3789 426 3850 codex
446 3812 487 3852 ex
505 3813 565 3875 quo
586 3796 709 3855 fuerunt
727 3797 876 3873 exscripta
892 3793 1035 3873 opuscula
1049 3791 1170 3852 Pisidae
1187 3791 1223 3849 ab
1239 3790 1313 3848 Hol-

216 3897 313 3956 stenio
330 3897 424 3954 missa
442 3897 598 3974 Maltreto‚
620 3917 712 3980 quem
734 3899 864 3957 Allatius
880 3915 942 3955 non
958 3887 1051 3972 cidit,
1076 3885 1171 3976 aquo
1189 3913 1312 3974 apogra-

215 3997 313 4079 phum
325 3995 527 4059 bibliothecae
540 4002 731 4060 corsinianae
745 4001 909 4059 formatum
923 4010 983 4074 est,
1006 4009 1036 4058 et
1050 4017 1109 4080 quo
1125 3995 1246 4062 demum
1259 4013 1312 4053 nos

217 4105 251 4160 in
269 4099 327 4160 heo
348 4099 480 4161 editione
498 4101 685 4182 procuranda
702 4105 751 4161 usi
769 4121 882 4161 sumus.
925 4105 959 4160 in
977 4123 1013 4162 eo
1032 4105 1115 4161 enim
1130 4102 1312 4159 continentur

219 4206 320 4264 omnia
343 4201 464 4265 Pisidae
486 4209 619 4266 carmina
641 4201 701 4265 boo
725 4205 813 4266 titulo
831 4217 921 4286 atque
939 4205 1042 4265 ordine
1058 4207 1152 4286 στίχοι
1168 4202 1312 4285 Γεοογίου
