2792 4709
464 258 708 331 rmsrano.
1117 282 1141 331 v

57 415 81 487 a
106 422 243 507 esau,
277 420 471 509 euacua
492 422 746 504 ιιιαιιιιιιειι
764 421 848 493 »ιιι
867 421 986 511 βάψαι
1004 422 1139 514 tuest„

57 528 204 609 llspsssrds
223 526 255 603 ἰξ
276 523 420 609 alaricus.
464 550 506 591 ex
526 531 636 613 quibus
659 531 794 611 quinque
806 530 915 591 iambis
932 528 1007 591 duos
1019 540 1136 591 tantum

56 647 132 687 suum
153 626 192 689 ad
210 630 366 709 ingenium
380 630 533 693 effinxisse
549 631 719 693 cedrenum
731 633 821 712 plane
839 629 970 693 ducebar
981 630 1022 693 ad
1034 634 1135 712 suspi-

55 728 184 791 candum.
225 752 330 792 rerum
349 753 419 793 cum
440 734 627 795 celeberrimi
652 734 714 794 sint
734 743 765 793 et
785 735 923 797 omnium
938 734 1136 795 recentiorum

55 832 223 894 Graecorum
243 854 294 895 ore
316 836 432 915 vulgati
452 836 500 895 illi
522 833 582 895 duo
600 836 727 911 senarii,
746 844 901 915 praeterea
914 836 1005 895 etiam
1018 838 1052 895 in
1067 832 1136 896 cod

55 935 182 996 Vaticano
199 936 282 1001 1126
298 938 378 997 etin
397 938 465 998 aliis
482 934 633 999 codicibus
651 938 779 997 seorsim
790 939 893 1017 scripti
907 957 943 997 ac
953 940 1070 1020 repetiti
1085 936 1133 998 le·
1149 957 1177 1013 p.
1194 936 1245 998 llll

54 1048 163 1115 gantur,
192 1035 277 1120 quod
296 1058 338 1099 ex
356 1042 467 1100 nostris
495 1036 737 1100 adnotationibus
757 1040 790 1097 in
808 1040 994 1120 Flognunta
1014 1038 1136 1101 Pisidae
1185 1030 1190 1036 ⁴

53 1156 79 1196 r.
92 1142 131 1202 20
151 1137 290 1219 adparet,
310 1150 346 1201 ut
364 1140 466 1201 fictam
486 1141 631 1201 fabellam
652 1138 733 1201 hauc
755 1139 793 1200 de
811 1142 941 1221 Geor-gio
955 1151 986 1201 et
997 1142 1135 1201 Heraclio
1257 1139 1262 1150 '

52 1242 292 1301 narratiunculam
307 1263 429 1324 prorsus
441 1246 562 1305 reiicere
576 1264 638 1305 non
651 1241 810 1303 audebam.
839 1262 940 1325 neque
952 1243 1034 1301 enim
1044 1244 1133 1321 igno-

53 1344 141 1402 rabam
158 1364 250 1405 usaura
268 1348 301 1405 in
319 1349 389 1407 aula
408 1349 575 1428 Byzantina
597 1344 751 1429 qnondam
772 1346 952 1422 invaluim,
973 1354 1009 1405 ut
1026 1351 1134 1427 poetae

52 1462 111 1505 suas
130 1446 368 1512 elucubrationes
388 1470 488 1511 coram
505 1452 579 1531 ipsis
593 1450 715 1528 regibus
731 1459 762 1509 et
776 1444 952 1529 patriarchis
965 1448 1133 1522 recitarem,

52 1566 149 1630 easque
161 1544 336 1633 dscodsssc,
358 1554 592 1613 annuntiationes
606 1549 736 1627 diceres,
757 1549 959 1630 appellarant,
978 1546 1062 1631 quod
1075 1568 1133 1628 po·

51 1651 112 1728 pulo
126 1650 265 1713 audiente
277 1656 397 1736 publice
412 1664 442 1715 et
453 1655 555 1735 polam
566 1655 747 1733 legerentur.
766 1662 875 1713 testem
886 1649 1034 1711 adhibebo
1041 1651 1135 1711 Paul-

51 1750 106 1809 lum
120 1754 340 1835 silentiarium,
363 1758 415 1841 qui
432 1776 504 1818 suae
524 1754 562 1817 de
582 1754 656 1815 aede
679 1752 834 1835 Sopbiana
849 1752 1055 1834 descriptionis
1068 1754 1134 1834 pri-

51 1872 121 1913 mam
138 1867 256 1937 partem
272 1860 306 1918 in
326 1862 410 1940 regio
431 1860 543 1941 palatio
561 1878 663 1919 coram
681 1858 847 1917 lustiniauo
860 1858 1060 1935 imperatore,
1082 1876 1133 1915 se·

51 1956 164 2019 undam
184 1970 288 2021 autern
308 1964 341 2021 iu
361 1964 513 2041 episcopio
530 1980 630 2021 coram
645 1957 795 2040 Eutychio
807 1955 976 2039 patriarcha
987 1958 1132 2032 recitarit,
1264 2040 1267 2049 Ι

52 2067 80 2117 ut
97 2081 133 2121 ex
149 2062 260 2123 iambis
275 2072 307 2121 et
318 2062 414 2123 titulis
429 2068 580 2142 poematio
593 2064 746 2145 inscriptis
758 2060 791 2119 fit
803 2048 1007 2121 manifestum.
1050 2056 1132 2141 quod

51 2172 137 2223 autem
153 2166 254 2245 magis
275 2162 375 2223 adhuc
392 2163 526 2227 cedreno
541 2166 634 2227 fidem
650 2166 808 2227 conciliare
823 2162 978 2239 rideatur,
997 2180 1064 2222 mos
1078 2163 1132 2220 ille

52 2272 89 2321 est
107 2268 176 2325 olim
199 2268 289 2347 cpoli
309 2276 446 2347 receptus
459 2267 497 2327 de
514 2268 715 2329 acclamandis
728 2277 872 2348 perpetuo
891 2265 1131 2346 imperatoribus,

51 2367 119 2447 quod
136 2388 281 2452 persaepe
302 2371 395 2428 etiam
414 2369 504 2430 fiebat
524 2372 648 2447 iambis,
670 2368 820 2430 ut'ridere
833 2369 925 2428 estin
938 2368 1131 2427 Constantino

49 2468 291 2552 Porphyrugenito
303 2472 341 2531 de
351 2490 514 2531 coarsuros.
530 2472 622 2531 aulos
634 2472 767 2549 Byzares.
786 2470 823 2529 ab
836 2466 902 2529 Iob.
916 2472 1046 2529 Henrico
1059 2468 1133 2527 Lei·

49 2566 107 2631 obio
119 2584 146 2634 et
158 2572 226 2635 lob.
239 2578 300 2635 Iao.
315 2572 438 2635 Reisltio
451 2573 651 2653 sapsa-loribus
666 2574 753 2633 annm
766 2570 859 2631 edito.
897 2571 941 2631 ibi
952 2572 1034 2631 euim
1044 2590 1079 2650 p·
1092 2570 1131 2635 16

49 2672 145 2754 legitur
163 2676 247 2761 quod
270 2681 449 2772 imperatore
469 2694 581 2755 magna
598 2694 712 2756 pompa
730 2672 912 2755 procedente
928 2676 961 2733 in
980 2682 1082 2733 sancta
1102 2678 1133 2729 et

49 2793 144 2857 magna
160 2779 313 2840 dominica
328 2778 368 2839 ad
384 2798 468 2840 sacra
484 2778 652 2837 factionum
664 2779 894 2837 acclamationes
908 2774 998 2851 fiunt,
1019 2784 1051 2833 et
1068 2774 1132 2835 Ve-

49 2891 122 2941 netae
143 2884 276 2943 notarius
296 2880 397 2959 adest,
419 2878 470 2945 ιιαί
492 2882 541 2943 δεῖ
560 2876 656 2944 αὐιδν
670 2888 845 2965 περιπατεῖν
860 2876 988 2943 ὄπισθεν
1004 2879 1067 2939 sois
1082 2876 1132 2939 ds-

48 2990 153 3049 oues
173 2984 324 3065 πλησίον,
351 2980 404 3045 sol
423 2980 518 3068 ίίμειν
537 2979 612 3057 scale
632 2978 711 3047 susci
730 2978 827 3047 τόπον
845 2978 990 3062 ἰάμβους,
1020 2974 1130 3037 deiude

48 3079 153 3167 ἔρχεται
164 3086 313 3169 ἰαμβίζειν
326 3082 410 3151 droti
418 3082 532 3167 μίρανς
542 3089 603 3149 scio
617 3086 782 3167 Πραιίνειν
794 3085 938 3165 priorem.
970 3091 1037 3141 trun
1049 3076 1066 3144 d
1076 3080 1132 3141 soti

48 3186 143 3271 μίμους
156 3196 221 3255 rodo
236 3186 371 3253 Βινίταν
385 3181 517 3271 paleroso
533 3182 652 3270 ἔρχεται
665 3188 830 3269 ἰαμβίζειν,
859 3181 956 3244 donec
973 3179 1063 3247 droti
1076 3177 1131 3261 μί·

47 3310 108 3367 νοις
119 3297 179 3357 sois
192 3293 358 3375 Hooslvov
369 3286 511 3375 νοιιίριις
529 3288 648 3374 ἄρχεται
663 3288 716 3353 να1
733 3284 825 3366 ariade
842 3288 990 3370 ἰαμβίζειν
1003 3284 1060 3358 ἕως
1074 3284 1132 3345 soti

47 3388 122 3471 sirloc
141 3393 282 3478 φρίαιος.
330 3393 364 3454 id
385 3406 487 3455 antem
507 3396 539 3454 iu
560 3394 701 3454 omuibus
724 3392 909 3454 solemnibus
925 3388 1045 3469 pompis
1063 3383 1129 3443 fieri

46 3494 154 3557 ulium
166 3500 283 3579 passim
298 3496 429 3558 ostendit
443 3496 526 3557 idem
539 3498 761 3558 Constantinus.
802 3492 883 3555 unde
902 3492 1039 3573 quamvis
1056 3488 1129 3547 satis

45 3610 171 3674 appareat
181 3600 299 3660 iambos
312 3602 365 3682 qui
376 3620 394 3659 a
405 3601 571 3661 factionum
581 3601 733 3680 magistris
744 3596 959 3670 recitabantur,
979 3590 1128 3673 hymnum

44 3698 85 3755 vel
96 3702 314 3763 cantiunculam
326 3705 437 3779 fuisse,
460 3722 519 3785 qua
531 3704 591 3782 ipsi
602 3702 725 3761 alternis
737 3700 853 3758 vicibus
868 3698 967 3756 fausta
981 3693 1127 3774 adpreca-

43 3813 132 3865 untur
151 3807 341 3886 imperatori,
363 3804 459 3867 nihilo
478 3815 582 3865 tamen
598 3806 699 3877 minua
716 3798 789 3860 iude
802 3800 836 3859 fit
847 3798 1032 3881 probabilius
1044 3794 1126 3854 Pisi-

43 3900 103 3965 dam
115 3910 222 3969 iambis
233 3927 251 3968 a
264 3906 399 3967 cedreno
411 3905 542 3968 laudatis
555 3906 730 3965 Heraclium
740 3905 774 3963 in
783 3923 895 3987 magno
907 3899 1022 3980 templo
1035 3914 1126 3956 oran·

43 4015 95 4068 ten
110 4009 149 4071 de
164 4014 326 4093 improviso
341 4012 499 4073 salutasse.

113 4116 224 4175 Verum
243 4117 452 4197 qualecunque
473 4114 513 4173 sit
533 4112 705 4193 sapientum
717 4108 851 4168 virorum
865 4102 924 4165 bac
941 4101 979 4161 de
995 4121 1027 4161 re
1043 4095 1125 4156 iudi·

41 4210 127 4293 cium,
147 4214 289 4287 idnnmu
303 4238 344 4279 ex
356 4214 502 4281 hastam
514 4214 687 4297 praemissis
702 4212 829 4291 colligo,
850 4204 1002 4278 puidam,
1024 4204 1052 4261 si
1064 4219 1125 4260 non
