2792 4709
195 224 269 299 126
658 220 831 292 rsrtvu

192 390 315 471 pascha,
339 390 423 471 cyclo
440 388 512 449 solis
524 388 661 449 Romano
678 392 736 464 22,
757 389 804 448 lit.
816 389 862 463 Δς
894 398 1067 470 pentecoste
1078 406 1157 449 vero
1174 387 1271 450 Iunii
1285 388 1321 464 4,

193 480 284 556 longe
299 480 419 557 post12
434 478 517 533 hlaii.
561 472 616 535 sed
633 494 734 556 neque
754 486 824 534 aute
838 473 920 534 hunc
935 496 1063 551 annum,
1084 485 1322 557 praeterquam

194 582 223 621 a.
241 563 318 638 642,
340 568 511 643 pentecoste
527 562 560 618 in
574 562 647 619 Maii
666 564 705 625 12
720 562 863 635 incurrit,
882 578 983 643 neque
995 572 1081 641 post,
1101 563 1167 620 m'si
1184 572 1321 621 tantun

193 668 222 707 s.
240 654 261 712 7
262 651 320 723 26,
353 655 386 706 ut
400 666 441 705 ex
457 644 559 705 Bodas
574 665 609 704 ao
622 648 761 726 Dionysii
777 648 869 727 cyclis
883 647 1047 725 intelliges.
1089 645 1233 727 proinde
1253 647 1321 705 ssl-

193 753 262 793 sum
274 728 310 795 ut
324 730 466 813 γενέθλια
482 731 611 811 cpoleos
629 734 662 795 in
682 732 841 791 sabbatum
861 742 931 792 ente
944 742 1141 812 pentecosten
1156 730 1319 808 incidere,

193 831 228 879 ut
254 820 359 877 asserit
380 817 457 876 falso
476 816 587 877 Sethus
603 816 770 877 Calvisius:
796 818 911 899 alioqui
928 815 1041 899 pasche
1055 818 1228 883 24l1artii
1246 838 1318 877 esse

193 902 308 977 debuit,
329 900 413 984 quod
429 912 474 962 est
489 900 748 967 shsurdissimum.
771 902 853 984 quod
866 923 938 962 vero
953 901 1181 983 Theophanem
1194 914 1317 962 temen

191 991 345 1065 nominet,
372 990 444 1047 sotis
460 987 541 1069 quod
555 990 641 1048 initio
659 986 774 1047 dictum
786 1000 832 1048 est
843 987 991 1065 ostendit,
1019 1008 1052 1049 se
1064 991 1241 1048 oscitnmer
1254 986 1315 1047 ad·

191 1072 318 1135 modum
347 1075 379 1132 in
408 1074 604 1133 illustrissimi
625 1076 749 1133 Bai-onii
765 1076 950 1149 laudibus,
981 1093 1060 1155 quoe
1083 1072 1314 1152 chronologiae

193 1161 277 1219 illius
290 1160 378 1219 unico
394 1178 480 1237 seges
494 1169 549 1235 est,
572 1162 752 1240 scriptorum
764 1160 832 1219 loco
843 1180 1026 1240 peromnem.
1047 1160 1113 1219 illic
1128 1162 1221 1217 enim
1237 1160 1315 1218 sah-

192 1246 297 1305 batum
309 1246 404 1304 fuisse
421 1244 529 1303 dicitur
546 1246 630 1304 cuius
641 1242 787 1327 postridie
800 1257 972 1324 pentecoste
987 1246 1088 1319 fuerit,
1112 1242 1202 1326 quod
1211 1247 1313 1303 etism

192 1334 327 1391 Zonaras
341 1350 376 1389 ac
390 1330 543 1389 cedrenus
557 1328 675 1390 docent.
720 1340 853 1391 ceterum
861 1329 1059 1410 Theophanis
1071 1332 1130 1389 iste
1146 1331 1240 1390 locus
1253 1332 1312 1391 iis·

194 1415 265 1475 dem
280 1420 312 1475 iu
327 1416 494 1477 Annalibus
517 1436 557 1475 ex
570 1416 706 1475 hlisoelln
718 1417 896 1498 perobscure
913 1416 1046 1475 redditus
1060 1426 1117 1474 est.
1161 1418 1310 1495 cri-coque

195 1502 353 1573 νιαιαὶἰνὼ,
373 1502 482 1582 iuquit,
505 1522 575 1561 oum
587 1504 714 1561 Ρναιίιιί
727 1504 875 1562 vicissent.
918 1522 977 1561 neo
988 1504 1089 1560 minus
1102 1501 1225 1559 Graeca
1238 1505 1309 1581 ipss
1378 1435 1380 1572 Ι

195 1588 351 1667 perplexe.
377 1606 505 1667 quorum
518 1596 620 1646 tamen
634 1608 740 1647 sensus
755 1599 800 1647 est
812 1590 840 1647 is
852 1606 943 1669 quem
959 1606 1000 1646 ex
1013 1584 1187 1666 Nicephcro
1198 1598 1308 1646 uostm
1378 1621 1380 1698 p

195 1674 381 1751 colligimus,
406 1674 501 1731 natali
511 1673 595 1732 urhis
611 1684 749 1753 equestre
764 1683 918 1734 certamen
930 1692 996 1733 esse
1009 1675 1221 1732 commissum.
1250 1669 1308 1731 sed
1378 1707 1380 1748 ς

193 1768 287 1841 quoto
302 1755 425 1816 demum
441 1776 519 1817 enno
539 1756 608 1816 data
621 1759 675 1817 illa
688 1760 830 1818 natalicia
844 1757 935 1819 sonti
956 1760 984 1818 si
998 1758 1081 1817 urhis
1092 1778 1127 1816 re
1140 1778 1221 1816 rere
1233 1758 1307 1817 fue-
1378 1759 1380 1775 '

193 1853 273 1918 runt,
298 1840 336 1901 de
352 1853 524 1922 pentecoste
535 1843 659 1902 falsum.
701 1843 772 1903 vido
788 1846 881 1923 igitur
896 1864 935 1903 au
948 1842 1114 1923 Philippici
1129 1844 1231 1923 ipsius
1246 1862 1306 1901 nn·

193 1929 264 1988 talis
277 1926 341 1989 dies
354 1929 462 2002 fuerit,
491 1932 544 2008 qui
561 1948 629 1987 cum
640 1929 756 2009 aliquot
771 1928 878 1989 diebus
892 1940 962 2011 post
974 1930 1107 2007 natslem
1121 1930 1212 1989 urhis
1225 1931 1304 1987 inci-
1378 1987 1380 1999 p

193 2010 302 2089 disset,
324 2016 404 2072 Iunii
418 2011 559 2075 videlicet
570 2014 608 2092 3,
629 2014 718 2074 ambo
732 2016 780 2074 illi
794 2014 859 2077 dios
874 2017 909 2074 in
923 2034 1019 2075 uuum
1031 2016 1069 2075 ah
1083 2014 1244 2076 historicis
1257 2026 1304 2073 te-

192 2118 276 2158 mere
292 2100 412 2158 conflati
428 2109 509 2159 sunt.
1378 2097 1380 2110 '

277 2253 308 2313 p.
322 2232 364 2298 55
379 2253 410 2293 r.
426 2232 475 2299 15.
498 2230 640 2317 δεύτερον
658 2230 739 2310 isne]
759 2235 873 2295 Penius
893 2236 1047 2297 Diaconos
1066 2254 1185 2295 annum
1204 2252 1302 2294 annos

190 2329 224 2378 et
242 2323 264 2385 6
283 2338 402 2379 menses
422 2318 593 2401 Philippico
615 2321 732 2381 tribuit.
773 2322 884 2403 reliqui
902 2320 1098 2383 dnosenuos.
1140 2322 1299 2380 num

191 2402 293 2469 4108:
326 2405 396 2468 incl
419 2400 477 2489 γὰρ
499 2402 604 2487 μόνοις
624 2405 719 2471 l'csoss
739 2402 882 2489 tysiam
902 2412 960 2471 soei
980 2406 1119 2485 esicone.
1162 2409 1300 2466 Zonms

189 2500 309 2569 praeter
321 2510 416 2551 annos
431 2490 507 2551 duos
520 2492 636 2574 aliquot
649 2511 769 2551 menses
781 2490 877 2551 addit.
896 2492 1190 2574 Theophanem&
1211 2511 1300 2553 sneu-

190 2594 240 2636 ses
254 2580 285 2641 9.
330 2574 498 2639 Chronicon
513 2578 619 2637 lilerio.
633 2598 662 2639 a.
674 2576 812 2654 totidem,
833 2597 877 2638 m.
891 2581 923 2643 8.

278 2693 320 2753 ib.
338 2715 368 2755 v.
383 2698 433 2760 18.
475 2691 628 2781 Ἀρτέμιον
645 2696 850 2779 comesset]
868 2698 1080 2758 Constantinus
1093 2696 1193 2763 4118.

277 2833 308 2893 p·
324 2811 365 2877 56
379 2834 409 2873 v.
426 2814 476 2879 15.
497 2814 548 2878 tet
560 2812 615 2880 cdv
632 2818 762 2881 Φοίνικα
776 2814 1030 2899 ναυπηγησίμων]
1052 2815 1239 2897 depravatus
1250 2813 1300 2875 hic

191 2898 292 2973 locus,
315 2898 398 2980 quod
411 2902 653 2981 interpretatione
667 2904 733 2983 ipsa
746 2905 916 2985 exprimere
928 2901 1111 2963 studuimus.
1131 2921 1206 2962 vera
1217 2906 1300 2960 enim

193 2985 282 3043 lectio
299 2988 466 3062 genitivum
480 2989 651 3066 postulabat
664 2990 914 3070 ναυπηγησίμων.
958 2987 1095 3059 barbari,
1116 2990 1238 3069 inquit,
1259 2987 1302 3045 acl

192 3068 377 3129 caedendam
389 3074 547 3131 materiam
556 3074 699 3153 proserii.
745 3093 837 3155 quam
854 3075 1017 3133 lectionem
1036 3072 1151 3133 indicat
1163 3076 1299 3133 Zonaras

191 3156 224 3211 iu
236 3158 411 3215 Anastasio:
438 3156 549 3239 μαθών
569 3156 603 3221 dl
624 3155 671 3222 iss
692 3157 724 3234 ἐξ
735 3152 959 3240 Ἀλεξανδρείας
970 3158 1023 3223 tut
1038 3160 1192 3239 Φοινίκην
1206 3164 1299 3222 uicis

100 3338 124 3395 P
142 3337 176 3393 ot
190 3236 746 3408 Theleohlhlhlhvlsshml'ulllheglhhzeodiv
751 3246 920 3390 11ῗὲ1111σῖ
920 3238 1298 3409 ἵιέιωὸιᾜῖἰτιτίἓὲ

188 3418 271 3469 nent.
314 3420 345 3469 ot
358 3430 428 3469 crim
440 3410 626 3491 Nicephorus
642 3410 695 3477 cdv
709 3416 839 3480 Φοίνικα
848 3349 969 3491 scrihat,
991 3418 1166 3496 putavimus
1179 3414 1221 3474 ed
1234 3418 1296 3473 eins
1378 3425 1380 3444 ἕ

188 3496 321 3555 nominis
337 3494 483 3579 oppidum
496 3498 682 3579 fluviumque
697 3504 863 3579 pertinere,
892 3504 945 3583 qui
958 3498 1067 3561 Rhodo
1082 3501 1204 3560 insulse
1220 3502 1297 3560 rici·
1378 3497 1380 3501 ⁸

189 3601 247 3641 nus
260 3591 320 3659 est3
344 3581 382 3641 de
397 3601 457 3665 quo
472 3578 658 3663 Stephanus.
699 3595 735 3645 tu
751 3585 821 3647 ride
838 3608 878 3646 an
888 3589 931 3647 its
942 3585 1128 3647 restituenda
1143 3589 1185 3645 sit
1201 3587 1294 3646 inter-

190 3670 318 3747 pretatio
336 3680 452 3731 nostra:
473 3690 543 3729 oum
558 3673 621 3729 iam
633 3692 738 3730 rumor
745 3672 964 3751 percrebuisset
979 3674 1204 3732 Smcmonas
1216 3671 1293 3731 clos-

190 3770 253 3811 cem
277 3754 497 3815 caedmdamm
521 3756 566 3815 ccl
591 3760 720 3817 navium
739 3757 900 3839 flehn‘cam
928 3779 1125 3839 cupresssusm
1144 3776 1242 3817 emesa
1263 3759 1293 3815 ia
1378 3739 1380 3804 ἶ

187 3836 387 4001 pllltolllcm
416 3842 575 3901 ιναὶιοίιει.
640 3840 849 3925 Theophanes
874 3845 968 3905 etiam
986 3842 1043 3913 τὸν
1064 3844 1196 3910 Φοίνικα
1220 3844 1291 3904 scri·

193 4114 397 4127 *ι-

258 4232 287 4303 Ἷ
304 4233 356 4302 τὴν
374 4236 491 4293 Φοίνικα
508 4240 552 4297 cd.
570 4240 660 4299 Paris.
677 4261 707 4315 p.
720 4242 772 4299 ³22
788 4242 812 4299 c
827 4250 856 4300 ct
871 4242 907 4300 1».
