2792 4709
349 178 546 287 emsrcss
568 174 775 245 scuossu
799 173 841 241 0
1074 165 1145 237 107

117 353 203 419 253.
246 348 384 409 labsum
405 357 480 429 puto
499 346 687 425 intelligere,
708 340 839 401 militare
863 335 1013 399 vexillum
1036 350 1146 392 mono-

27 455 211 527 grammate
229 426 322 537 X
346 440 537 514 distinctum,
560 434 644 519 quod
661 434 699 493 ab
717 430 856 490 omnibus
874 429 939 486 fere
956 424 1147 503 imperatori-

27 558 85 597 ›us
103 546 183 617 post
196 536 424 596 Constantinum
436 532 598 608 Magnum,
608 526 670 607 ‚qui
680 519 760 581 illud
773 520 904 593 invexit,
927 524 1076 575 retentum
1088 522 1144 572 est.

27 626 83 681 110
118 625 212 679 enim
241 626 359 703 primus
381 616 609 695 imperatorium
631 608 781 672 vexillum
800 604 840 664 ad
861 603 956 663 crucis
977 598 1144 679 exemplar,

27 710 92 770 sibi
114 708 249 766 caelitus
266 717 437 777 ostensum,
458 704 492 759 in
503 718 594 776 verae
608 697 703 755 crucis
716 694 846 751 formam
858 688 1066 761 commutarit,
1088 681 1146 742 ad-

27 794 98 853 dito
125 790 243 852 Christi
260 794 403 862 nomine,
424 785 542 845 duobus
560 785 682 842 Graecis
698 779 856 838 elementis
872 792 1030 853 expresso,
1053 778 1087 829 nt
1102 779 1147 827 est

27 877 120 961 apud
139 879 310 936 Eusebium
323 880 358 935 in
371 876 437 932 eius
449 874 511 931 vita
528 868 582 928 tit.
602 873 617 930 t
634 888 662 925 e.
678 864 731 929 26.
775 860 857 944 qnod
871 863 992 938 signum
1008 874 1076 914 oum
1091 851 1147 911 de-

27 962 238 1025 formidasset
248 965 361 1042 impius
375 960 510 1019 lulianus
525 967 561 1014 et
571 954 759 1031 abrogasset,
781 958 857 1007 teste
868 946 1036 1005 Sozomeno
1053 939 1074 1005 5
1096 943 1147 1012 16,

27 1054 146 1110 statim
180 1052 374 1107 restitnerrmt
401 1044 561 1103 Gratianus
586 1048 617 1098 et
639 1035 884 1107 Valentinianus,
919 1039 954 1087 ut
975 1036 1078 1085 auctor
1102 1032 1148 1082 est

27 1138 68 1195 S.
83 1134 271 1194 Ambrosius
285 1132 339 1192 lib,
354 1136 377 1196 2
392 1128 430 1189 de
445 1127 521 1186 Fide
533 1123 675 1199 subfiu.,·
697 1139 794 1201 eoque
807 1115 915 1177 deinde
931 1122 1002 1173 sunt
1016 1114 1063 1169 usi
1077 1109 1149 1188 plu·-

30 1242 87 1280 res
112 1221 172 1279 alii
194 1221 409 1299 imperatores,
431 1213 541 1296 quibus
556 1220 635 1270 certe
650 1201 853 1268 accensendus
867 1199 1034 1261 Heraclius.
1077 1191 1148 1254 ride

31 1306 224 1384 Du-cang.
243 1303 353 1383 deins.
369 1303 439 1361 00νί
450 1300 590 1358 memism.
607 1314 635 1354 e.
650 1298 704 1357 20.
1145 1294 1147 1305 ’

130 1393 209 1457 266.
250 1392 343 1448 inms
356 1396 420 1446 erat
431 1384 489 1448 tut
510 1382 666 1441 Heraclius
680 1400 698 1436 e
713 1374 816 1435 (illicia
831 1370 993 1452 profectus,
1007 1362 1149 1423 ac'l'anri
1229 1356 1234 1367 '

35 1478 126 1556 iugis
148 1477 314 1555 superatis,
334 1474 368 1531 in
387 1472 545 1531 Ponticam
563 1465 751 1546 provinciam
769 1458 906 1529 intravit,
927 1464 962 1512 nt
983 1459 1086 1530 postea
1108 1467 1149 1505 ex

37 1563 193 1623 Armenia
215 1562 249 1618 in
268 1557 440 1631 Persidem,
463 1556 490 1627 si
507 1557 550 1612 ita
570 1572 618 1610 res
639 1548 821 1628 postularet,
843 1546 1040 1617 irrumperet,
1067 1530 1150 1614 qnod

38 1648 175 1731 quidem
190 1648 223 1704 in
237 1642 369 1704 secunda
383 1638 578 1721 expeditione
593 1638 622 1695 ei
635 1635 764 1693 feliciter
777 1628 887 1687 evenit.
921 1626 1055 1704 primum
1068 1618 1150 1677 enim

38 1735 182 1807 bellum,
204 1728 319 1812 dequo
335 1728 386 1787 hio
396 1745 495 1786 sermo
514 1733 577 1797 est,
601 1740 695 1801 prope
709 1717 852 1777 Ponticae
864 1710 994 1790 regionis
1005 1706 1151 1765 terminos

41 1840 104 1879 nec
120 1818 230 1899 procul
247 1836 265 1875 a
279 1817 376 1875 Tauri
389 1811 541 1871 montibus
553 1816 654 1866 actum
668 1814 724 1863 est.

133 1908 210 1969 260.
252 1898 344 1960 huius
361 1896 581 1977 strategematIs
601 1891 713 1952 similia
729 1886 870 1967 exempla
885 1878 998 1943 videsis
1010 1874 1150 1934 1011000-

43 1994 113 2051 tino
131 1991 149 2052 1
173 1993 196 2053 2
217 1996 248 2046 et
268 1991 288 2050 3
310 1988 363 2049 11.

135 2077 212 2137 262.
253 2073 322 2151 lege
335 2070 470 2151 αἰνετῆς,
493 2063 576 2148 quod
587 2062 677 2123 metri
689 2059 765 2119 ratio
779 2054 927 2137 postulat,
948 2041 1153 2125 slutrcopyis

46 2172 96 2221 est
108 2160 215 2236 fictio,
236 2176 296 2240 qua
317 2159 412 2234 utitur
432 2154 557 2214 solerter
580 2148 645 2208 dux
666 2157 731 2205 tam
753 2144 806 2203 ubi
828 2134 978 2199 cavendus
992 2150 1086 2215 00000
1098 2128 1151 2187 ubi

48 2243 268 2328 opprimendus
284 2242 379 2303 hostis
394 2249 456 2316 est,
477 2248 512 2297 ut
528 2238 570 2295 ait
585 2234 747 2293 Frontinus
762 2234 795 2287 irs
807 2224 910 2305 praef.
933 2222 1064 2297 Strateg.

138 2329 212 2395 264.
254 2330 297 2387 ita
317 2328 419 2387 forsan
439 2342 530 2383 snum
549 2324 608 2381 iter
629 2316 805 2377 conficiebat
827 2308 1002 2379 Heraclius,
1023 2298 1153 2377 011130-

52 2438 137 2493 ram,
157 2434 236 2498 qnae
253 2408 337 2490 τάξις
350 2407 536 2491 nestrypirrp
550 2406 587 2463 ab
600 2404 728 2463 Aeliano
742 2398 974 2465 0480000100,
998 2385 1153 2465 exprime-

51 2516 112 2565 ret.
155 2522 225 2561 cnm
243 2503 327 2561 enim
347 2517 384 2557 ea
407 2504 486 2555 esset
505 2485 679 2552 huiusmodi
692 2495 728 2544 ut
741 2480 1007 2564 spiralemlineam
1020 2470 1155 2541 referret,

52 2600 147 2671 atque
167 2590 210 2647 ita
233 2606 323 2667 saepe
345 2584 478 2643 frontem
498 2574 686 2648 ostenderet,
706 2571 797 2629 facile
809 2564 963 2644 imperitos
974 2562 1082 2618 Persas
1096 2572 1156 2633 po·

53 2680 114 2735 tuit
126 2673 279 2755 decipere,
301 2672 354 2753 qni
367 2671 411 2728 ita
423 2661 636 2747 procedentem
649 2658 815 2717 exercitum
829 2657 969 2731 putarent
983 2642 1154 2703 consistere.

55 2782 94 2821 00
105 2778 179 2819 mox
193 2756 319 2841 quidem
330 2762 420 2836 poeta
435 2754 477 2811 ait
492 2770 533 2809 ex
546 2748 669 2827 obliquo
683 2752 714 2803 et
728 2752 897 2801 transverso
909 2734 1016 2793 itinere
1024 2724 1156 2786 Heraclii

54 2847 177 2908 hostem
188 2847 282 2904 fuisse
295 2841 466 2921 deceptum.
758 2868 762 2877 ,

141 2934 214 2995 271.
256 2930 367 2988 Leonis
381 2929 457 3005 imp.
472 2918 550 2981 illud
563 2928 609 2979 est
620 2912 772 2975 monitum
786 2930 811 2969 0.
827 2911 848 2972 9
871 2908 929 2969 10:
952 2896 1157 2983 περιπατοῦν-

56 3040 114 3092 τος
126 3020 179 3079 tori
193 3018 323 3097 apertori
333 3010 472 3094 ἡγείσθω
485 3005 508 3086 ἡ
521 3001 559 3085 σὴ
571 2998 741 3079 induerim.
768 2998 855 3054 iuxta
871 2986 952 3072 quod
962 2990 1157 3066 praeceptum

57 3100 162 3164 Pisida
180 3110 375 3181 praeeuntem
394 3093 510 3154 inducit
528 3088 719 3159 Heraclium,
743 3084 796 3163 qui
818 3096 887 3137 cum
908 3080 1031 3153 repente
1047 3081 1157 3144 agmen

59 3191 192 3249 converti
203 3188 349 3259 iussisset,
364 3203 381 3241 e
393 3183 492 3261 primo
504 3177 602 3235 iactus
611 3182 657 3232 est
668 3170 860 3230 novissimus.
888 3157 944 3245 ssd
956 3157 1053 3238 possis
1064 3152 1157 3209 etiam

60 3294 116 3355 pro
138 3273 314 3331 missimus
333 3267 459 3329 reddere
478 3261 647 3327 rancun,
675 3255 762 3337 quasi
783 3247 888 3310 Pisida
908 3242 1083 3303 Heraclium
1105 3231 1157 3293 hic
1194 3246 1197 3257 ·

61 3370 211 3439 comparet
230 3359 369 3436 aurigae,
390 3354 445 3434 qui
459 3352 493 3408 in
510 3365 613 3406 cursus
634 3340 823 3401 contentione
842 3354 860 3393 a
878 3331 1041 3412 posteriora
1062 3340 1156 3401 supe·

63 3449 123 3505 rari
134 3455 163 3503 et
173 3444 303 3524 relinqui
319 3460 361 3500 ex
375 3436 523 3499 industria
537 3430 677 3492 voluerit.
718 3420 789 3484 vide
802 3422 881 3481 inira
894 3437 923 3476 t.
941 3412 1014 3478 285.

146 3530 218 3597 275.
259 3525 480 3607 πλαστονργίαν
501 3530 532 3578 et
550 3510 732 3595 rindspsow,
754 3526 813 3589 qna
836 3500 992 3563 Heraclius
1010 3513 1083 3555 usus
1101 3498 1157 3565 est,

63 3609 166 3696 σοφήν
183 3626 289 3690 vocat,
321 3622 471 3688 utsupra
490 3590 769 3674 0067010010,
798 3602 832 3651 nt
855 3587 987 3648 nominis
1010 3576 1158 3640 iuvidiam

65 3705 106 3763 ab
120 3702 252 3761 Heraclio
266 3684 459 3760 sulimoveat:
479 3708 580 3771 neque
596 3688 678 3745 enim
690 3682 770 3740 fictio
782 3696 883 3757 neque
898 3670 1050 3731 simulatio
1066 3662 1158 3741 digna

67 3808 116 3849 res
136 3797 178 3846 est
196 3790 261 3845 viro
283 3787 402 3861 integro
422 3790 453 3838 et
471 3779 553 3837 forti.
598 3769 654 3832 sed
672 3764 776 3828 Pisida
797 3760 854 3821 has
870 3776 959 3818 voces
973 3750 1110 3812 adhibuit
1122 3764 1157 3804 eo

67 3877 216 3956 quianon
237 3876 431 3950 suppeterent
450 3864 542 3936 aliae,
564 3878 644 3940 quae
665 3864 696 3912 et
712 3848 900 3930 imperatoris
921 3843 1015 3903 solers
1030 3839 1063 3895 in
1076 3832 1158 3892 bello

67 3960 222 4020 consilium
249 3952 440 4015 ostenderent
463 3958 494 4006 et
519 3946 610 4005 metri
632 3939 752 4019 legibus
775 3936 866 3993 etiam
884 3922 1158 3989 accomodarentur,

66 4043 215 4127 siquidem
229 4044 368 4116 Graecis,
389 4052 520 4120 quor-mn
528 4040 614 4089 tanta
625 4028 685 4105 fuit
698 4027 733 4081 in
749 4016 876 4079 dicendo
892 4014 993 4092 copia,
1015 4024 1075 4067 uno
1089 4012 1158 4061 tan-

69 4146 135 4191 tum
152 4128 296 4189 vocabolo
316 4121 561 4205 στρατηγήματα,
593 4133 670 4195 quae
695 4110 820 4169 solerter
841 4124 860 4163 a
882 4099 958 4159 duce
977 4098 1159 4173 gererentur,

71 4217 223 4293 dixerunt3
245 4214 331 4272 cuius
350 4212 414 4271 vim
435 4206 518 4267 vocis
538 4220 607 4262 cum
620 4196 713 4258 vellet
726 4190 887 4253 Frontinus
901 4180 1008 4262 Praes.
1026 4177 1159 4263 conreg,
