2792 4709
85 166 89 177 ι
191 260 243 311 xo
655 235 831 324 (romeu

193 418 292 471 terum
311 404 372 469 hoo
393 404 579 489 potuerim,
601 402 640 466 de
661 424 722 489 quo
741 406 829 487 piore
850 404 925 467 sh‘bi
946 401 1026 465 diets
1046 413 1135 482 sont,
1156 406 1298 469 omniurn

194 514 405 597 opusculorum
418 508 539 571 Pisidae
550 510 682 590 primum
695 518 759 585 est,
789 528 824 567 so
840 505 967 591 proinde
980 509 1080 589 prims
1095 509 1129 567 in
1140 507 1214 568 sede
1226 511 1296 569 ool-

179 603 356 676 ¹iooundtmr
367 614 437 674 fuit.
480 632 556 695 quae
570 620 737 694 sequuntur
749 612 832 670 eninr
849 614 1000 693 pertinent
1022 609 1063 669 sd
1080 629 1117 669 es
1134 622 1294 691 quaesere

192 728 264 779 sunt
279 728 348 798 post
366 734 479 776 annum
499 720 541 781 12
559 714 680 794 imperii
699 711 837 773 eiusdem
850 716 999 790 Heraclii,
1021 712 1133 774 Christi
1147 718 1229 791 6223
1259 714 1292 773 in

192 836 285 903 qoem
295 816 403 879 incidit
414 826 580 877 memorata
587 818 709 876 Persica
721 814 876 897 expeditio
889 820 998 898 prima.

275 924 309 985 9.
351 919 411 997 ute
434 917 492 1004 τνὶν
514 916 680 1005 γενομένην
701 917 816 999 ἔφοδον
835 912 1083 1002 τῶνβαρβάρων
1100 916 1154 983 soi
1170 919 1216 996 οἷς
1231 915 1291 1002 τήν

193 1014 297 1086 orieris
311 1015 469 1103 ἆοτοχίον,
490 1018 561 1103 ἤτοι
577 1020 696 1097 uersu
711 1024 768 1086 τοῦ
782 1020 947 1105 γενομένου
964 1020 1097 1102 πολέμου
1114 1022 1160 1098 εἰς
1176 1017 1212 1086 ct
1229 1028 1291 1085 τεῖ·
1374 1071 1376 1095 2

191 1146 247 1207 χοε
259 1126 314 1206 τοῖς
331 1118 677 1198 [mummium
695 1119 804 1205 μετοξν
823 1119 968 1210 Ἀβᾶροον
988 1124 1042 1188 stoi
1064 1128 1125 1187 τοῖν
1145 1128 1289 1187 πολιτῶν.
1374 1116 1376 1186 ζ

191 1226 231 1285 ds
245 1228 507 1307 siwmiorsesaetcs
519 1246 540 1284 a
555 1224 691 1285 bobus
704 1246 743 1285 oo
754 1225 949 1305 defimoaso
960 1248 1061 1286 eonem
1073 1227 1213 1299 oomilso,
1227 1229 1291 1286 τίντ
1374 1227 1376 1233 “

191 1331 333 1408 eapositio
349 1328 421 1389 belli
433 1328 515 1411 qnod
524 1338 643 1409 gestum
656 1338 701 1388 est
715 1328 760 1387 ad
769 1332 886 1388 moenio
902 1330 1025 1409 spoleos
1037 1328 1245 1387 urtaAbares
1262 1338 1291 1385 et

190 1434 281 1493 uiues.
324 1432 415 1494 huius
428 1436 592 1514 poematis,
615 1430 697 1515 quod
710 1431 894 1498 oonstat541
912 1434 1047 1509 senariis,
1068 1434 1188 1491 nullam
1199 1451 1289 1490 men-

187 1536 304 1595 tionem
322 1536 449 1616 ingessit
461 1536 607 1611 Allatius3
637 1532 720 1616 quod
738 1536 828 1615 plone
846 1535 1002 1594 confirmet
1019 1533 1154 1595 oodioem
1167 1534 1287 1593 Votien-

188 1656 282 1714 nom,
306 1658 347 1697 ex
361 1656 420 1719 quo
434 1637 646 1719 depromptum
658 1647 719 1714 est,
750 1657 822 1697 eum
836 1658 898 1699 non
911 1638 1034 1700 vidisse.
1076 1636 1114 1696 de
1127 1635 1286 1710 Abaribos,

188 1740 244 1822 qui
266 1760 336 1799 oum
356 1741 423 1801 eliis
439 1741 510 1801 feris
524 1742 663 1821 gentibus
675 1744 880 1801 Romanorum
893 1740 1039 1802 ditionem
1049 1737 1193 1799 invadere
1207 1756 1242 1797 so
1254 1738 1285 1796 ri
1374 1749 1376 1754 ’

188 1852 221 1901 et
238 1844 318 1903 ferro
338 1854 455 1904 restare
475 1844 585 1903 iterum
606 1846 776 1925 iterumque
794 1845 894 1903 moliti
917 1856 1005 1923 sunt,
1034 1843 1171 1925 pluribus
1192 1850 1286 1920 agunt

187 1947 347 2026 scriptores
359 1946 529 2027 Byzantini.
571 1964 627 2005 nos
644 1946 677 2003 in
690 1949 807 2005 monito
827 1958 858 2006 et
875 1950 955 2007 notis
973 1945 1013 2006 ad
1029 1946 1088 2007 hoo
1102 1948 1283 2025 potiusnon,

186 2056 335 2127 quantum
361 2050 434 2109 sutis
458 2060 520 2127 est,
557 2047 702 2109 diximus.
726 2050 901 2109 'Heraclius
922 2047 1054 2109 seeundo
1079 2049 1161 2107 bello
1183 2056 1286 2107 oontru

185 2145 353 2208 chosroam
366 2161 504 2232 suscepto
526 2149 602 2211 odeo
620 2152 773 2230 praeclare
785 2172 851 2211 rem
862 2155 964 2212 statim
977 2162 1126 2232 gesserat,
1154 2161 1189 2210 nt
1205 2168 1282 2208 enno

183 2260 319 2314 vertente
331 2256 395 2319 626
406 2253 469 2313 fere
484 2256 517 2311 in
533 2251 772 2335 desperationem
783 2266 867 2315 sotus
881 2253 1028 2315 chosroes
1042 2255 1181 2327 advene,
1192 2264 1230 2313 nt
1243 2254 1284 2311 ait

182 2351 388 2436 Theophanes
401 2376 436 2435 p.
453 2358 526 2431 263,
548 2354 664 2417 οἰνίόιοο
681 2368 710 2415 et
717 2358 866 2438 fornolis,
880 2380 916 2418 ex
928 2361 1011 2417 omni
1022 2360 1166 2417 nims'nsm
1175 2374 1283 2437 gorm

181 2458 255 2517 viris
275 2458 415 2533 adlectio,
436 2460 543 2519 ultima
565 2462 697 2540 experiri
721 2459 895 2521 decreverit.
941 2460 1110 2521 Sardorum
1125 2480 1196 2519 νινο
1215 2478 1282 2517 eum

179 2558 295 2639 reliquo
312 2564 439 2621 exercitu
459 2562 567 2642 Opolr'n
583 2584 685 2623 veram
699 2566 794 2636 misit,
815 2575 851 2623 ut
861 2567 946 2623 initis
952 2566 1056 2642 poetes
1070 2584 1140 2622 cum
1155 2564 1281 2621 ernis

177 2659 317 2739 (Abam
332 2684 379 2722 eos
393 2671 516 2745 voearet)
530 2664 703 2738 Abaribus,
721 2666 853 2740 Sclavis,
874 2678 906 2725 et
917 2666 1097 2747 Gepidibus‚
1110 2688 1176 2725 nna
1190 2664 1281 2725 sbsul

180 2782 282 2821 omnes
295 2764 399 2824 urbem
413 2769 603 2845 impressione
614 2768 710 2847 saeta
723 2769 923 2828 atlorr'renttsr.
968 2768 1024 2828 sed
1042 2780 1076 2829 ut
1092 2772 1127 2827 in
1146 2766 1278 2843 Perside,

179 2866 225 2927 sio
238 2870 329 2927 etiam
340 2867 380 2928 od
394 2866 615 2929 Chalcedonem
626 2873 786 2930 Persarum
797 2892 867 2952 spes
883 2869 1084 2947 conciderunt,
1105 2872 1278 2952 Abaresque

180 2988 287 3029 eorum
302 2970 466 3046 foederati,
488 2969 538 3029 dei
550 2990 585 3031 so
598 2974 723 3052 virginis
735 2972 876 3055 deiparae
892 2995 959 3056 ope,
980 2976 1041 3035 fusi
1058 2994 1093 3033 ao
1104 2976 1185 3033 oaesi
1198 2982 1276 3056 sunt.

179 3074 324 3135 nimirum
338 3073 442 3136 Pisida
454 3072 561 3135 urbem
575 3076 800 3137 aborbarorum
811 3077 930 3139 insidiis
943 3099 1006 3137 non
1023 3088 1142 3137 tantum
1164 3086 1227 3135 arte
1248 3084 1277 3133 et

180 3178 273 3237 armis
290 3190 438 3269 quantum
455 3180 599 3239 mirsouh
617 3190 766 3240 serratam
776 3182 870 3241 fuisse
886 3178 1051 3241 contendit.
1091 3178 1183 3239 huius
1195 3180 1275 3238 enirn

179 3276 254 3337 belli
276 3292 378 3340 oontra
393 3281 507 3341 Absres
527 3282 694 3361 prinoipem
717 3281 827 3343 duoem
843 3286 947 3343 statuit
962 3285 1058 3343 fuisse
1078 3284 1228 3361 virginem
1242 3300 1275 3338 se

180 3378 290 3441 deinde
307 3382 448 3461 Sergium
464 3381 679 3463 patriercham,
709 3388 764 3467 qui
779 3388 904 3467 virginis
920 3385 1063 3445 mandata
1077 3388 1111 3445 in
1124 3404 1231 3464 preces
1245 3391 1274 3440 et

177 3484 316 3543 lacrimas
337 3483 448 3545 effusus
468 3487 620 3565 exciperet
636 3497 727 3569 atque
746 3499 972 3571 exsequeretur.
1013 3496 1174 3569 propterea
1193 3486 1271 3545 enim

174 3587 219 3647 sio
233 3584 405 3667 adloquitur
423 3605 453 3646 v.
469 3586 548 3653 234:
576 3584 691 3671 ταύτην
710 3595 954 3668 σονοσπίζονοον
969 3591 1000 3667 ἒξ
1018 3590 1111 3665 ἔθους
1124 3590 1202 3672 ἔχων
1217 3580 1270 3650 ἆν-

171 3684 378 3775 τεοτροτήγεις
397 3686 429 3766 ii
445 3683 541 3754 diluo
555 3693 682 3773 καρδίας
694 3700 759 3769 τοῖς
768 3688 950 3777 ἀντιτέχνοις
960 3699 1023 3759 τῶν
1035 3687 1164 3777 ἆγόνοον
1179 3684 1269 3774 o'pyo'·

171 3814 246 3869 νοις.
287 3786 377 3868 τόξον
391 3786 448 3875 ydp
464 3788 539 3875 εἶχες
552 3798 608 3858 τοῦ
627 3800 709 3859 θεοῦ
720 3792 778 3878 τήν
793 3796 915 3875 ἐλπίδα,
946 3790 1084 3879 τιν’ργονς
1105 3794 1141 3859 di
1160 3796 1265 3868 πίστιν,

168 3894 220 3959 sui
236 3892 308 3977 βέλη
323 3890 361 3957 sd
379 3888 506 3977 dispo«.
548 3895 603 3955 sed
619 3898 701 3979 quod
714 3918 821 3958 verum
838 3910 900 3976 est,
921 3902 1029 3959 aeriter
1043 3908 1210 3980 pugnatum
1223 3902 1264 3952 est

167 4005 247 4056 terra
261 4006 292 4057 et
304 3996 395 4074 muri,
417 4008 452 4056 ut
467 4016 507 4057 ex
519 3998 666 4060 chronico
681 3998 821 4060 Pssohali
832 4024 869 4081 p.
888 4005 947 4068 391
970 4012 1002 4061 et
1015 4020 1102 4083 seqq.
1123 3998 1261 4076 intelligi-

168 4108 228 4159 tur.
270 4100 408 4181 quamris
428 4110 530 4160 autem
549 4104 629 4163 eires
643 4105 793 4185 Cpohtani
812 4115 932 4165 strenue
951 4124 985 4164 se
1004 4105 1154 4184 gesserint
1165 4105 1197 4161 in
1208 4098 1261 4157 hoe

169 4198 261 4277 bello,
284 4212 313 4261 et
325 4204 481 4266 Heraclius
495 4206 527 4265 in
540 4204 664 4267 Perside
680 4205 818 4269 detentus
833 4205 872 4268 de
886 4208 983 4269 salute
997 4207 1081 4267 urbis
1096 4200 1185 4267 vaide
1198 4202 1259 4263 fus-
