2792 4709
235 168 308 248 144
669 174 732 245 DU
757 172 898 245 cluo!

231 340 372 421 respicit,
400 337 508 399 dextra
531 342 699 422 nuncupari
721 339 841 407 sidunt
862 344 983 403 Nicetes
1005 338 1195 422 Paphlagoni
1218 343 1253 403 in
1274 344 1334 403 rita

231 428 343 507 ignatii
361 424 547 506 patriarchae
568 428 634 499 cli,
654 446 716 510 qno
735 430 803 488 loco
816 438 917 489 αισι-αι
929 428 1080 488 somnium
1092 426 1211 487 ilerdae
1223 429 1334 489 Caesa·

232 514 292 572 ris:
313 510 367 574 eol
386 506 435 576 irs
457 513 587 593 πλησίον
603 503 683 593 ἧμιν
694 516 754 579 soti
766 511 921 595 ἄμβωνας,
943 509 1097 592 ὤφθησαν
1112 508 1213 595 ὥσπερ
1227 517 1333 595 ιιανβι-

229 591 388 676 ιιανλᾶριοι
405 590 463 661 tio
481 591 630 680 ὀπόσομαι
645 597 697 662 nai
714 600 887 681 ἐμβριθεῖς,
909 590 954 663 oia
969 597 989 663 d
1004 594 1059 677 piu
1073 598 1196 681 ὁὲαμιαν
1208 596 1265 665 cdv
1279 602 1333 681 βο-

230 682 314 747 cciia
330 679 434 763 laticis
446 682 500 746 sol
513 683 563 747 tat
576 682 613 745 ταὶ
627 680 710 760 δεξιαὶ
724 680 903 766 succutiunt»
917 684 1059 759 ἒξοιθεῑιο
1069 688 1124 763 τῆς
1137 684 1262 760 colico,
1284 710 1333 747 ιια·

228 771 381 851 scepitur
398 766 440 843 ὥς
452 764 633 833 insitionis
647 780 706 828 etc.
738 770 891 830 Cedrenus
906 769 989 828 idem
1005 772 1157 829 somnium
1173 789 1332 831 eusmns:

230 854 341 930 οἵτινες
359 853 540 937 ὁδηγοῦντες
563 850 659 917 adedo
683 851 792 935 ἄγονοι
814 852 889 937 πρὸς
909 854 963 929 ταὶς
979 857 1133 935 κιγκλίδας
1150 860 1206 919 ταῦ
1225 863 1333 919 ουσιαι

230 941 363 1019 crepion·
404 941 529 999 alteram
549 950 652 999 autem
671 942 810 1000 ambonis
830 950 964 1021 partem,
987 959 1065 1021 quaa
1082 942 1197 1001 scilicet
1211 938 1292 1005 cado
1305 952 1333 999 et

228 1020 368 1104 πρόνοον
387 1045 441 1087 scu
457 1023 632 1085 nartheoem
651 1027 821 1105 spectabat,
845 1020 991 1090 dnicdcon
1010 1025 1101 1106 μέρος
1118 1030 1175 1089 τοῦ
1190 1022 1333 1107 ἄμβωνας

228 1121 318 1169 vocat
328 1113 457 1171 Alexius
469 1114 625 1171 Arietenus
638 1114 670 1170 in
684 1132 752 1171 cau.
766 1115 805 1175 21
820 1113 931 1192 Ancyr.
975 1122 1066 1192 atque
1086 1111 1158 1171 inde
1180 1105 1333 1192 α’νιισθιὲμ·

228 1197 331 1279 βονας
348 1189 420 1278 eripi
441 1198 593 1277 appellata
614 1208 660 1256 est
680 1216 698 1255 s
721 1199 842 1257 Graecia
859 1216 893 1257 aa
909 1200 1004 1257 oratio
1020 1215 1098 1277 quae
1112 1206 1233 1277 peracta
1251 1216 1332 1257 sacre

229 1282 352 1361 liturgia
373 1284 412 1340 ab
433 1281 586 1342 sacerdote
604 1302 689 1344 sacra
702 1282 832 1343 faciente
845 1284 877 1341 in
891 1283 1017 1342 ambone
1035 1280 1075 1341 ad
1092 1283 1242 1362 populum
1257 1284 1332 1343 reci-

228 1376 327 1442 tatur,
348 1366 564 1448 icoououpt'on
585 1364 667 1448 rcapti
687 1372 744 1433 τοῦ
763 1367 864 1452 ispius
879 1366 935 1444 ἔξω
949 1371 1006 1431 τοῦ
1017 1362 1168 1448 βήματος,
1193 1376 1228 1427 ut
1240 1378 1288 1427 est
1303 1371 1332 1427 in

228 1452 350 1531 liturgia
370 1454 404 1513 S.
423 1456 468 1512 lo.
487 1452 712 1535 chrysostomi,
742 1472 818 1536 quae
843 1452 969 1534 quidem
995 1454 1090 1512 oratio
1117 1451 1332 1533 compendium

226 1536 382 1619 quoddam
395 1548 440 1597 est
453 1541 588 1599 omniurn
605 1542 773 1599 orationum
787 1540 911 1621 quaein
925 1540 1053 1599 sacrario
1068 1536 1225 1613 dicuutur,
1249 1550 1281 1597 et
1297 1539 1331 1597 ab

227 1624 358 1703 ipsomet
378 1623 531 1684 sacerdote
551 1625 713 1707 profertur,
744 1634 779 1685 ut
799 1625 929 1706 populus
951 1622 1075 1683 tandem
1096 1624 1251 1703 intelliget
1266 1626 1331 1706 qu'u

228 1728 333 1767 earnm
348 1712 571 1789 precationum,
591 1730 669 1793 quae
681 1712 715 1769 in
729 1708 828 1791 adytis
842 1709 985 1770 hactenus
1001 1710 1098 1769 iactae
1113 1720 1201 1784 suut,
1223 1728 1331 1789 scopus

227 1794 321 1853 fuerit
332 1807 362 1853 et
373 1794 458 1869 finis,
480 1808 515 1855 ut
534 1795 650 1857 disertis
661 1798 762 1856 verbis
773 1795 885 1856 indicat
899 1798 1066 1855 Germanus
1080 1792 1252 1875 patriarcha
1268 1796 1330 1870 cn,

229 1879 398 1943 cuitumodi
411 1882 507 1941 ferme
520 1883 578 1940 tun
593 1885 688 1941 oratio
701 1883 746 1941 ud
757 1882 980 1961 complendum,
1001 1901 1056 1941 seu
1074 1884 1185 1941 missae
1207 1880 1332 1939 collecto

226 1966 354 2043 ultima,
377 1965 415 2025 de
431 1986 490 2048 qua
505 1971 619 2049 passim
631 1970 684 2049 qni
699 1966 738 2027 de
751 1970 856 2029 ritibus
869 1969 1012 2027 ecclesiae
1027 1970 1220 2046 scripserunt.
1254 1962 1331 2025 hano

224 2052 319 2130 igitur
340 2054 503 2113 ontionem
528 2056 705 2113 recitaturus
727 2052 865 2117 sacerdos
885 2054 1003 2112 bemate
1026 2050 1193 2132 egreditur,
1223 2052 1331 2111 ambo-

223 2154 358 2218 nemque
374 2136 547 2198 conscendit
562 2141 599 2197 ab
614 2140 753 2199 orientali
770 2138 870 2213 aditu,
892 2150 922 2199 et
936 2137 977 2197 sd
986 2138 1133 2219 populum
1148 2140 1331 2197 convertitur

224 2220 265 2280 sd
285 2220 489 2299 occidentem,
508 2243 586 2307 quae
602 2244 671 2304 para
684 2236 730 2285 est
744 2225 882 2284 ambonis
895 2226 1008 2305 postica
1024 2234 1053 2281 et
1066 2224 1203 2294 siuistre,
1226 2242 1330 2302 respe-
1374 2274 1375 2293 ,

224 2317 276 2365 ctu
300 2308 438 2367 bematis.
480 2310 562 2369 uude
585 2330 654 2368 curn
673 2312 837 2371 Balsatnon
854 2312 886 2369 iu
906 2330 972 2369 can.
993 2312 1032 2372 12
1049 2309 1167 2367 concilii
1180 2310 1330 2367 Nicaanir
1374 2298 1375 2322 ¹

225 2396 398 2472 transfugas
420 2414 438 2452 a
458 2392 517 2453 fide
543 2400 585 2454 ait
607 2394 717 2455 debere
742 2399 809 2477 cpia
829 2393 885 2478 μὲν
908 2394 951 2458 ἔτι
974 2394 1088 2469 ἔξωθεν
1104 2396 1158 2471 τῆς
1172 2392 1330 2475 ἐκκλησίας

224 2478 369 2542 ἵστασθαι
389 2476 521 2545 ὄπισθεν
542 2486 599 2543 τοῦ
616 2479 758 2563 ἄμβωνας
769 2480 820 2544 nol
833 2479 1004 2561 ἒξέρχεσθαι
1022 2473 1170 2561 μετὰτῶν
1183 2498 1332 2559 κατηκον-
1373 2512 1374 2521 ¹

224 2563 341 2645 pinon,
363 2563 439 2624 haec
461 2568 504 2625 ita
525 2566 671 2647 capienda
690 2580 778 2643 suut,
804 2578 840 2626 ut
862 2568 884 2627 ii
903 2568 980 2625 iutra
997 2566 1140 2624 eccleciae
1154 2584 1209 2623 seu
1222 2566 1329 2645 templi

110 2650 115 2666 ¹
224 2660 309 2729 septa
341 2671 407 2709 esse
434 2650 656 2731 intelligantur,
684 2650 941 2733 quemadmodum
965 2648 1188 2709 catechumeni:
1218 2654 1331 2731 quippe

224 2736 303 2793 sicut
317 2736 341 2793 ii
356 2746 426 2793 ante
438 2736 550 2795 lectum
565 2738 755 2816 evangelium
772 2736 879 2797 aedem
893 2754 1010 2796 sacram
1027 2737 1156 2796 subeunt
1169 2754 1330 2817 sacrmque
1372 2776 1373 2828 p

223 2818 368 2879 lectiones
390 2830 420 2879 et
440 2818 581 2881 homilias
602 2824 707 2881 auditu
730 2826 902 2903 excipiunt,
925 2826 966 2881 ita
985 2824 1035 2882 isti
1053 2818 1182 2885 ὄπισθεν
1197 2826 1255 2883 rosi
1272 2820 1331 2901 iip-

225 2905 326 2985 βαινος
345 2904 414 2983 περὶ
439 2902 475 2966 sd
495 2903 647 2988 κατώτερα
659 2904 702 2987 dn*
714 2912 770 2971 τοῦ
784 2913 861 2971 ναοῦ
878 2911 1059 2982 consistunt,
1081 2916 1116 2965 ut
1134 2909 1175 2965 ait
1194 2908 1330 2985 Symeon
1371 2970 1372 2985 ,

223 2989 520 3067 Thessalonicensis,
543 2992 653 3069 idest,
675 3012 735 3075 qua
756 3004 841 3075 parte
862 2994 950 3052 ambo
964 2994 1076 3053 bernati
1089 2994 1223 3073 poeticus
1240 3004 1270 3053 et
1286 2995 1330 3051 si-

115 3074 208 3133 1’589
224 3078 320 3136 nister
344 3080 540 3156 conspicitur,
563 3098 631 3137 cum
653 3082 759 3140 ceteris
780 3078 934 3153 fidelibus,
957 3082 989 3137 iu
1008 3082 1135 3138 statione
1154 3088 1258 3138 temen
1271 3078 1331 3135 sibi

225 3161 265 3220 ad
288 3162 461 3221 inferiorem
482 3162 564 3223 sedis
586 3174 703 3244 partem
722 3168 888 3245 assignata,
913 3175 942 3223 et
958 3184 1034 3245 quae
1049 3161 1185 3223 nartheci
1200 3161 1330 3223 coniuu'-
1370 3208 1371 3215 ι

210 3250 322 3325 1εἰσιια,
343 3251 375 3305 iu
402 3249 527 3307 ecclesia
549 3260 645 3320 stent,
668 3252 812 3332 finitaque
835 3246 1119 3311 catechumenorum
1142 3251 1235 3307 tuisse
1259 3268 1330 3307 cum

220 3334 258 3391 iis
280 3331 445 3406 excedunt,
468 3344 498 3393 et
518 3337 551 3391 in
572 3333 728 3395 nartheces
741 3356 795 3395 seu
809 3338 939 3416 porticus
954 3355 1020 3395 sese
1035 3336 1192 3413 recipiunt.
1237 3346 1330 3415 atque

220 3414 272 3477 hic
293 3428 339 3478 est
358 3421 509 3497 genuinus
523 3420 683 3481 verborum
696 3422 885 3482 Balsamouis
899 3440 1022 3497 sensus,
1045 3439 1122 3504 quae
1137 3418 1330 3479 doctissimos
1369 3444 1370 3491 ι

218 3505 299 3563 viros
312 3504 422 3563 frustra
436 3506 642 3567 sollicitarunt.
1369 3496 1370 3586 i

304 3590 356 3653 75.
399 3588 448 3648 Ad
461 3590 599 3651 ambonis
612 3592 768 3673 superiora
779 3586 1007 3651 conscendenda
1020 3586 1135 3671 duplex
1145 3588 1244 3669 patuit
1259 3586 1330 3647 adi-

217 3682 267 3732 tus
288 3692 343 3733 seu
364 3673 474 3751 gradus
496 3676 545 3735 tel
565 3678 645 3735 scala
659 3687 712 3737 aut
726 3676 864 3753 cochlea,
887 3677 924 3736 ab
940 3678 1054 3735 criente
1070 3676 1185 3735 scilicet
1201 3682 1232 3732 et
1247 3678 1331 3734 occi-

218 3755 326 3834 dente,
348 3761 429 3817 utin
447 3763 552 3820 ceteris
566 3764 754 3823 umbonibus.
797 3764 907 3841 Ugntio
920 3764 1050 3823 Pisanus
1064 3780 1127 3821 ms:
1149 3758 1240 3819 anto
1250 3760 1331 3839 pul-

212 3847 328 3922 pitum,
351 3842 408 3902 ubi
427 3862 463 3901 ex
482 3846 630 3905 ambabus
644 3846 788 3927 partibus
806 3858 878 3909 sunt
891 3848 1023 3929 gradun
1045 3844 1241 3929 quiquidem
1258 3864 1329 3925 gra-
1367 3846 1368 3861 ³

217 3928 274 3989 dus
296 3948 351 3990 seu
372 3924 471 3988 aditus
490 3934 610 4011 graduis
628 3936 810 3993 accensionis
826 3944 855 3992 et
867 3932 1064 3992 descensionis
1082 3930 1222 3991 dicuutur
1241 3936 1328 3991 Aua-

215 4018 308 4076 stasio
320 4016 395 4075 bibl.
411 4016 443 4074 iu
456 4017 489 4075 S.
504 4016 649 4079 silvestro
664 4022 715 4079 1²1³
732 4038 763 4099 p.
785 4024 832 4084 17.
875 4021 988 4078 Paulus
1007 4017 1214 4078 silentiarius:

380 4093 528 4179 ὅρθιὶδισς
541 4097 689 4185 βάθροις,
711 4099 899 4185 βιδομᾶανας
914 4101 1048 4189 ἅμβαιος
1066 4102 1175 4182 clucet·

381 4178 427 4249 ‘lt'
441 4188 497 4269 μία
510 4182 566 4269 plu
584 4188 655 4253 croti
667 4186 765 4255 νῦιιτα
777 4190 954 4270 τιταίνετον,
975 4187 1044 4274 ridi
1056 4185 1131 4275 ιιρδς
1144 4180 1202 4268 n’u'.
