2792 4709
207 193 279 267 tto
462 191 671 286 crunnus
695 191 741 260 n
765 191 1039 260 mmmnnn

206 363 256 423 rel
276 359 405 443 pecudes
427 360 503 442 (per
521 355 559 423 ‘cd
580 362 660 441 μῆλα
676 359 757 417 enim
772 369 932 440 utrumque
948 370 1027 418 recte
1037 369 1137 438 potest
1151 359 1308 438 intelligi)

207 451 245 508 ob
257 447 352 506 hortis
366 443 565 526 Hesperidum
577 445 709 520 abstulit,
732 445 904 504 Heraclium
915 455 1017 503 eutem
1027 463 1103 526 opus
1115 447 1225 524 ipsum
1238 465 1312 503 con-

206 535 330 607 fecisse,
353 550 421 590 cum
440 533 531 590 totius
549 527 681 590 Persidis
703 531 837 589 civitates
857 529 978 590 devicit.
1019 541 1050 588 et
1068 533 1102 588 in
1121 531 1236 588 Poe‘m.
1260 533 1310 588 eit.

207 620 436 679 Constantinum
463 617 596 674 Heraclii
617 616 715 675 filium
738 635 887 675 summam
905 613 1027 675 laudern
1046 620 1224 675 asmcutlrm
1246 637 1313 674 esse

206 703 294 776 dicit,
317 699 400 784 quod
426 704 608 782 sapientium
632 706 758 780 scripta,
787 721 877 762 aurea
898 721 967 760 rere
989 702 1088 776 malo,
1117 699 1312 780 degustavit:
1368 654 1370 745 i

206 785 309 870 λαβοὶν
323 783 360 849 cd
371 791 469 868 χρυσοῖ
485 790 581 866 μῆλα,
602 783 675 861 τούς
691 780 810 864 adpone
826 784 943 870 λόγους.

291 877 343 937 80.
386 874 508 932 Vossius
522 872 559 930 de
569 875 646 952 orig.
664 870 737 930 idol.
753 871 806 930 lib.
824 877 844 935 2
859 893 886 930 e.
903 872 944 935 15
958 867 1162 950 Hesperidum
1172 869 1313 928 fabulam

207 969 287 1017 recte
306 957 425 1017 ridetur
438 961 665 1036 interpretetus:
688 959 731 1015 ait
745 960 827 1016 enim
840 958 999 1015 Herculem
1014 975 1079 1014 esse
1094 956 1214 1030 solem,
1242 953 1314 1013 lior·

208 1053 256 1103 tos
270 1064 339 1102 cum
352 1045 449 1102 eureis
462 1046 560 1123 pomis
575 1063 640 1103 esse
657 1044 774 1102 coelum
791 1063 861 1101 cum
872 1043 985 1117 stellis,
1007 1039 1193 1120 Hesperides
1211 1053 1313 1099 autern

210 1149 275 1189 esse
290 1139 427 1204 noctem,
448 1131 491 1187 itt
510 1123 571 1191 luo·
585 1133 641 1206 τῆς
655 1126 780 1205 ἑσπέρας
790 1137 994 1208 nuncupatas3
1015 1145 1051 1184 sc
1068 1125 1201 1206 pminde
1223 1127 1315 1184 fabu-

210 1216 259 1274 lae
274 1235 345 1274 enm
359 1233 424 1273 esee
438 1233 577 1288 sensum,
598 1225 633 1272 ut
648 1215 834 1292 intelligatur
847 1215 911 1273 sole
925 1214 1080 1271 exoriente
1091 1211 1198 1291 fugari
1210 1213 1315 1270 stellas

212 1311 243 1358 et
258 1302 332 1381 pelli
346 1309 476 1360 noctem.
518 1319 606 1379 porro
618 1298 721 1358 Pisida
733 1299 804 1359 huic
814 1299 1050 1378 interpretationi
1064 1298 1156 1371 favet,
1181 1299 1241 1378 qui
1254 1300 1316 1354 He·

213 1387 298 1444 raclii
320 1387 386 1444 luce
408 1387 511 1464 pulsas
533 1405 598 1444 esse
622 1385 760 1444 tenebras
778 1388 891 1459 noctis,
913 1383 947 1443 id
962 1394 1007 1442 est
1020 1381 1171 1458 Persidis,
1195 1383 1252 1441 hic
1266 1386 1317 1455 ait,

213 1482 245 1531 et
261 1473 333 1531 alibi
348 1473 520 1530 Heraclium
536 1472 632 1530 solem
648 1469 842 1530 disertissime
857 1469 1000 1548 appellet.
1041 1467 1079 1526 de
1097 1469 1222 1545 Eaeped.
1244 1472 1266 1530 8
1287 1471 1318 1529 9

298 1555 350 1624 84.
395 1554 433 1615 de
448 1576 533 1615 more
547 1554 754 1638 ὑπερβολικῶς
768 1557 941 1614 Heraclium
957 1563 1110 1633 comparat
1124 1551 1317 1632 patriarchae

214 1641 295 1719 Hoi,
318 1642 371 1722 qui
387 1661 427 1700 ex
442 1645 578 1700 unarumi
592 1653 712 1723 patrum
723 1643 871 1702 sententie
883 1641 941 1700 tuit
954 1651 1043 1721 typus
1056 1636 1179 1702 Christi.

298 1813 350 1876 91.
394 1815 436 1878 70
456 1813 634 1890 interpretes
661 1814 739 1872 Gen.
762 1817 783 1879 8
806 1815 845 1876 11
866 1809 980 1871 habent
998 1805 1116 1892 editoe
1135 1809 1261 1884 Halae.-
1289 1819 1320 1866 at

213 1896 317 1956 Pisida
335 1896 437 1957 dicens
456 1896 558 1972 ἐλαίας
572 1895 685 1961 stilo
698 1899 855 1977 vulgatam
868 1901 1038 1958 versionem
1052 1897 1142 1956 nobis
1158 1915 1321 1955 commen·

213 1981 282 2058 dat,
305 1985 337 2042 in
357 2003 417 2064 qua
435 1985 564 2061 legimus
583 1985 666 2042 venit
681 1983 820 2041 columba
828 1995 956 2062 portam
968 2001 1087 2041 ramum
1102 1984 1205 2041 olivae
1219 1983 1320 2040 νίνω-

214 2067 295 2125 tibus
308 2069 402 2147 soliis
423 2069 457 2127 in
482 2087 532 2126 ore
552 2089 624 2127 sno:
646 2087 720 2127 nam
738 2063 850 2144 κλάδος
869 2079 916 2128 est
937 2088 1038 2128 remus
1056 2078 1144 2126 tener
1158 2077 1191 2125 et
1205 2069 1319 2126 virens·

214 2163 347 2210 ceterum
366 2171 436 2211 curn
455 2147 657 2237 dlloyoptxoic
673 2155 814 2235 loquatur
827 2162 930 2233 poeta,
953 2164 1036 2234 patet
1051 2173 1107 2233 per
1123 2172 1250 2211 remum
1262 2151 1321 2209 oli-

214 2257 270 2296 voe
290 2239 424 2297 tabulam
447 2240 548 2298 forsan
573 2241 759 2319 oleaginam,
781 2237 893 2299 Christi
906 2243 1072 2318 imaginem
1085 2232 1322 2320 ἀχειροποίητον

216 2323 411 2399 referentem,
432 2325 618 2404 intelligere,
640 2345 699 2408 que
712 2327 845 2385 munitus
858 2326 1013 2384 Heraclius
1025 2326 1058 2382 in
1070 2323 1240 2383 Cbosroam
1252 2341 1321 2381 sno·

215 2411 270 2469 vit.
306 2409 433 2490 proinde
447 2431 517 2471 rem
534 2431 652 2470 ramum
666 2406 836 2492 η’λεημένην
848 2411 898 2468 rel
909 2413 1025 2491 potius,
1047 2411 1075 2468 si
1085 2412 1202 2488 placet,
1229 2402 1321 2489 ἠλεη-

214 2494 1213 2660 lii‘bdiiiidiidibfflffid‘lciffli‘
1225 2497 1322 2636 3:¹³3·

217 2666 415 2724 collocaverat
431 2667 609 2745 imperator,
632 2670 721 2748 eique
731 2677 849 2748 partam
861 2669 1017 2726 victoriam
1032 2685 1073 2726 ex
1086 2666 1222 2725 barbaris
1235 2674 1323 2722 retn-

218 2749 255 2806 lit
272 2761 435 2829 occeptum.
478 2749 548 2810 ride
563 2752 601 2811 de
613 2752 730 2832 Exped.
750 2758 766 2815 t
790 2754 851 2816 189
873 2762 905 2810 et
923 2758 945 2816 2
966 2757 1019 2818 86.

307 2837 360 2898 9⁸.
404 2834 534 2896 ostendit
553 2835 680 2918 dignum
698 2838 793 2896 inisse
813 2838 986 2896 Heredium
1006 2839 1061 2918 qni
1083 2855 1100 2895 e
1122 2835 1186 2895 solo
1206 2833 1323 2911 Apelle

220 2917 282 2978 (loo
302 2923 476 3000 pingeretur
490 2931 519 2980 et
534 2941 551 2979 a
567 2924 631 2984 solo
648 2921 852 2981 Demosthene
868 2933 1018 2982 oratorum
1028 2923 1165 2981 maximo
1182 2918 1325 2976 celebra-

221 3016 320 3080 retur3
344 3009 452 3088 quibus
476 3009 576 3068 verbis
595 3012 703 3068 tacitus
717 3007 886 3067 Alexandri
901 3011 1004 3087 blagni
1020 3006 1173 3067 decretum
1184 3004 1278 3062 nobis
1287 3006 1324 3061 in

220 3102 356 3152 mentem
372 3103 508 3170 revocet,
530 3093 569 3153 do
587 3114 646 3176 quo
662 3097 803 3154 Horntius
818 3096 906 3173 epist.
920 3098 942 3157 2
968 3099 984 3158 1
1007 3096 1081 3157 239.

307 3181 359 3241 97.
403 3179 519 3257 legem,
541 3178 579 3239 de
599 3199 657 3261 quc
678 3191 742 3238 tam
756 3182 873 3258 copiose
888 3182 950 3258 agit
964 3189 1080 3255 noster,
1100 3179 1195 3237 fuisse
1208 3193 1322 3236 censeo

219 3259 348 3318 civitatis
362 3263 535 3340 cpolitanee
548 3265 683 3324 solemne
696 3264 865 3340 decretum,
887 3284 947 3346 quo
960 3266 1122 3341 sancitum,
1142 3273 1176 3322 ut
1188 3260 1321 3334 ridetur,

218 3343 296 3418 fuit,
317 3354 351 3401 ut
373 3348 528 3407 Heraclius
550 3351 625 3427 imp.
646 3352 678 3406 in
701 3348 888 3409 debellandis
906 3352 1006 3410 Persis
1027 3348 1126 3408 adhuc
1145 3357 1321 3427 occupatus,

219 3428 330 3487 bellico
351 3441 459 3489 ornatu
479 3433 638 3512 insignitus
661 3435 763 3515 eliqua
775 3439 808 3493 in
821 3446 905 3514 parte
920 3435 1002 3494 orbis
1012 3435 1203 3514 pingeretur,
1224 3445 1260 3490 et
1271 3436 1322 3490 in·

219 3515 390 3592 scrIptionis
407 3515 473 3574 loco
494 3518 627 3596 elogium
641 3521 834 3595 scriberetur,
857 3523 891 3578 in
902 3539 962 3602 quo
974 3532 1093 3600 praeter
1103 3520 1208 3579 titulos
1219 3521 1323 3596 irnpe-

219 3599 366 3658 retoribus
383 3597 447 3658 dori
465 3602 569 3661 solitos
584 3623 679 3661 novus
697 3605 799 3682 Scipro
815 3617 985 3680 vocaretur,
1012 3625 1176 3686 omnesque
1195 3623 1236 3662 ex
1257 3605 1324 3661 He-

220 3685 305 3743 raclii
321 3693 409 3764 gente
426 3686 588 3764 Scrpmdae
601 3687 779 3748 dicerentur.
821 3689 942 3766 idcirco,
963 3694 996 3750 ni
1007 3692 1107 3764 fallor,
1129 3691 1234 3770 paullo
1251 3699 1323 3746 ente

219 3769 362 3849 Aprilem
382 3781 412 3828 et
431 3771 685 3849 Demosthenem,
707 3778 791 3833 utin
804 3779 880 3835 viris
896 3786 1011 3852 essent,
1033 3774 1237 3849 desiderabat,
1261 3777 1321 3833 sci·

219 3855 291 3914 licet
306 3867 340 3915 ut
355 3855 431 3914 alter
445 3858 593 3918 coloribus
607 3870 637 3918 et
654 3861 730 3918 alter
742 3861 842 3920 verbis
859 3859 965 3940 digne,
989 3873 1079 3944 atque
1094 3871 1129 3920 nt
1142 3863 1221 3919 tanti
1236 3863 1323 3938 prin-

221 3941 296 4019 cipis
312 3938 442 4019 digniter
460 3951 490 3999 et
503 3945 597 4003 virtus
612 3944 772 4004 videbatur
785 3965 963 4026 exposcere,
986 3949 1191 4026 exprimerent
1209 3947 1322 4022 imagi-

222 4043 304 4082 nem.
335 4043 394 4106 quo
407 4035 507 4084 tamen
520 4029 553 4084 in
565 4030 631 4088 loco
644 4030 726 4088 urbis
740 4034 889 4090 exstiterit
901 4030 977 4090 haec
987 4035 1102 4111 pictura
1113 4050 1178 4090 non
1189 4040 1321 4088 constat:

226 4111 339 4185 primus
356 4113 437 4168 enim
451 4131 492 4169 ex
503 4115 695 4192 scriptoribus
707 4117 882 4194 Byzantinis
896 4114 956 4175 hoc
965 4127 1068 4176 narrat
1080 4115 1201 4190 Pisida,
1223 4133 1321 4195 neque

226 4193 304 4251 inter
321 4197 535 4273 epigrammata
552 4209 582 4258 et
597 4211 793 4261 monumento
807 4203 890 4263 urbis
908 4203 1082 4283 cpolitanse
1098 4221 1117 4262 e
1131 4203 1234 4284 poetis
1247 4201 1323 4261 olim
