2792 4709
349 232 407 301 rn
432 230 716 301 ncnenouun
739 230 893 300 noran
1039 208 1043 217 '
1121 232 1174 307 ss

302 398 348 461 A.
372 402 404 461 d.
426 402 505 475 628,
527 400 638 461 Indice.
664 402 697 477 1,
718 399 861 459 Hmlu·
882 402 938 475 18,
959 459 965 467 .

107 495 180 566 poss
200 504 259 545 eor.
284 486 340 563 16,
369 485 511 546 Houclir'
529 487 594 545 iun.
621 488 677 561 16,
710 485 793 565 cyclo
813 486 962 578 1111121,
990 484 1083 547 lunae
1097 492 1132 553 2.

156 600 304 665 Chosroes
323 602 444 685 fugiens
463 602 622 664 Mardasen
640 604 739 663 filium
753 616 853 686 spreto
868 604 955 665 siros
970 624 1174 669 successorem

69 688 219 769 designat.

157 776 201 835 Ob
223 772 256 833 id
276 774 362 835 Siroe
381 774 494 833 maiore
510 782 584 833 natu
599 774 660 834 lilio
677 793 713 834 ac
726 778 888 835 Persarum
899 776 1086 857 principibus
1100 794 1173 836 con-

67 860 254 941 spirantibus
270 870 374 940 captus
390 880 424 919 ac
439 860 649 919 miserabiliter
665 863 779 920 occisus
794 862 992 927 attrahenti
1007 861 1067 921 die.

158 946 260 1005 Siroes
275 946 312 1004 ab
325 946 464 1005 Heraclio
478 964 584 1027 pacem
597 950 754 1025 impetrat3
776 950 828 1029 qui
841 949 944 1007 literas
958 945 995 1005 de
1010 948 1099 1007 rebus
1111 966 1130 1005 1
1141 966 1175 1007 se

67 1031 165 1109 gestis
178 1028 218 1089 ad
232 1032 351 1107 SPQC
365 1032 466 1091 mittit.
509 1050 563 1090 eae
584 1030 622 1097 15
642 1032 716 1091 Maii
732 1034 799 1113 ipsa
815 1028 864 1092 die
877 1044 1064 1113 pentecostes
1076 1036 1109 1092 iu
1123 1052 1176 1090 ec-

68 1117 164 1175 clesia
183 1118 343 1195 perlectae.

156 1198 273 1260 Eodem
293 1220 372 1260 anno
391 1198 685 1281 Heraclius‘cpolim
704 1202 879 1278 revertitur,
905 1220 1001 1283 eoque
1019 1219 1175 1260 sacrosan-

69 1294 153 1344 ctam
177 1284 292 1346 domini
315 1306 433 1345 crucem
452 1296 643 1367 transportat.
686 1304 779 1368 quam
793 1290 969 1370 insequente
985 1305 1055 1346 vere
1071 1286 1176 1367 profe-

68 1382 139 1431 ctus
153 1374 371 1451 Hierosolymis
384 1372 523 1431 restituit.

157 1458 312 1517 Postremo
328 1477 367 1515 ne
384 1456 457 1537 quid
473 1458 694 1536 praetereamus
713 1456 795 1538 quod
814 1456 853 1515 ad
868 1453 1078 1516 illustrandam
1095 1451 1175 1512 hanc
1190 1457 1212 1511 P
1228 1444 1263 1513 58

66 1538 230 1600 historiam
246 1544 409 1622 pertineat,
431 1542 562 1601 Heraclii
575 1542 703 1615 liberos,
726 1562 855 1623 quorum
868 1540 990 1625 quidem
1005 1540 1086 1622 apud
1100 1544 1177 1601 scri-

67 1638 172 1707 ptores
184 1630 298 1687 mentio
310 1628 359 1703 fit,
383 1625 441 1687 hoc
456 1628 523 1687 loco
538 1627 743 1687 subiiciemus.

226 1758 348 1817 Eudo&
370 1724 491 1778 Eudocia
501 1706 555 1779 sios
565 1724 730 1847 Epiphania:
750 1726 858 1808 Nipepls.
868 1742 897 1795 p,
910 1726 943 1781 18
960 1727 995 1782 15
1006 1732 1032 1781 η
1042 1722 1076 1778 25
1091 1724 1118 1779 4,

370 1792 509 1847 Heraclius
520 1796 574 1849 siue
609 1801 882 1849 onstantruusrumor.
903 1796 1012 1867 Nicepla.
1021 1796 1081 1868 μᾶ
1098 1793 1141 1849 13.

374 1896 898 2035 arctandam

374 2034 573 2090 Constantinus.
598 2033 729 2091 Gedrusos
739 2044 766 2091 es
779 2036 955 2107 memma.

228 2135 346 2194 Mam-m
373 2104 523 2229 gffiim
546 2107 695 2177 Nicaphp.
708 2109 742 2163 17
758 2108 803 2163 22.

374 2243 493 2297 Marinus

374 2312 520 2435 aner

161 2472 294 2529 Praeter
305 2470 380 2529 istos
403 2470 478 2545 alios
493 2470 583 2527 etiam
597 2471 764 2551 suscepisse
775 2467 886 2527 liberos
898 2464 1032 2543 videtur,
1051 2486 1087 2527 ac
1101 2466 1179 2527 filias

73 2556 186 2616 saltem
203 2554 288 2614 duas.
309 2552 495 2635 Nicephorus
511 2554 591 2612 enim
606 2557 687 2634 pes
709 2552 1179 2628 7111111111111,·11111111111υοί1

73 2638 201 2701 Perside
222 2650 368 2715 moratur,
399 2638 475 2699 dnos
499 2642 634 2699 amisisse
656 2642 733 2699 filios
753 2638 940 2720 totidemque
963 2637 1040 2697 filias
1064 2648 1180 2697 narrat.

74 2744 171 2807 quare
191 2736 226 2785 ut
246 2728 396 2787 masculos
413 2727 517 2786 ambos
531 2727 670 2784 Flavium
685 2744 721 2783 ac
737 2722 946 2783 Theodosium
964 2742 1029 2783 esse
1044 2726 1182 2803 suspice-

73 2832 161 2887 mur,
179 2810 255 2871 filias
274 2813 381 2871 saltem
398 2812 434 2870 ab
450 2814 618 2891 Augustius
636 2820 666 2869 et
680 2812 810 2868 Martina
823 2808 956 2869 diversas
970 2818 1087 2890 oportet
1102 2829 1178 2884 esse,

74 2916 149 2955 cum
160 2894 216 2955 has
231 2899 313 2977 ipsas
328 2896 490 2979 aliquando
505 2907 608 2979 postea
621 2906 756 2977 ternpore
769 2899 921 2975 Augustas
934 2896 1100 2976 appellatas
1114 2914 1181 2954 esse

74 2984 229 3063 scripserit
244 3002 275 3061 p.
291 2984 331 3046 31
355 2986 385 3046 3.

162 3066 212 3127 Ad
226 3064 283 3126 hos
297 3086 402 3125 omnes
418 3062 603 3125 adliciendas
617 3076 662 3125 est
675 3066 821 3124 staturalis
831 3064 911 3124 filius
923 3066 1051 3124 Iomanes
1068 3082 1181 3142 cogno-

73 3164 180 3212 mento
195 3151 402 3225 Malarichus,
426 3150 536 3231 dequo
551 3172 581 3231 p.
595 3154 638 3215 20
655 3148 687 3213 5.

164 3236 226 3297 Sed
245 3238 308 3296 iam
325 3238 361 3295 ab
379 3236 510 3311 Heraclii
523 3237 712 3316 imperatoris
726 3232 850 3295 historia
864 3252 986 3313 operam
1001 3243 1135 3292 nostram
1146 3232 1181 3289 in

74 3318 256 3383 historicum
268 3324 369 3403 ipsum
382 3322 606 3382 transferamus.

540 2277 685 2349 Nicephp.
697 2278 731 2333 111
751 2276 852 2346 tna
940 2326 944 2332 .

163 3478 232 3556 p·8
252 3495 281 3533 v·
299 3478 329 3539 9.
373 3472 417 3548 cic
440 3470 526 3557 παρὰ
549 3478 671 3549 πολλοῖς
695 3470 842 3559 ᾄδεσθαι]
874 3470 983 3532 eadem
1003 3472 1069 3531 fere
1089 3470 1182 3528 verba

77 3570 151 3621 suut
171 3558 253 3640 apud
271 3558 494 3640 Theophanem
525 3560 577 3641 (p.
598 3558 662 3626 248
688 3562 711 3619 G
733 3559 781 3618 ed.
800 3559 927 3637 Pam).
974 3556 1065 3616 hunus
1083 3556 1183 3613 furiae

76 3664 178 3705 mores
202 3664 274 3725 prae
296 3650 402 3707 ceteris
416 3648 647 3726 elegantissimis
659 3647 796 3706 versibus
810 3645 959 3724 expressit
970 3640 1183 3702 Constantinus

77 3734 245 3791 Manassae.

165 3816 207 3875 ib.
234 3835 265 3873 v.
292 3819 341 3879 11.
384 3810 432 3878 διὸ
452 3814 573 3898 οἱπερὶ
593 3811 651 3897 τὴν
671 3807 813 3895 Λιβύην]
843 3810 959 3871 addunt
978 3805 1184 3887 Theophanes

78 3904 214 3960 Zonaras
238 3900 451 3960 constantinus
474 3910 505 3959 et
528 3902 580 3959 alii
603 3920 622 3959 a
646 3900 833 3959 senatoribus
847 3900 975 3977 ipsoque
993 3893 1069 3953 adeo
1077 3896 1183 3953 Prisco

78 3983 200 4045 Phocae
230 4005 341 4065 genero
371 3986 552 4045 solicitorum
573 3984 613 4043 ad
632 3984 832 4043 defectionem
858 3982 1032 4042 Heraclium
1050 3980 1184 4037 Heraclii

79 4073 268 4149 imperatoris
290 4080 424 4150 patrem,
445 4071 565 4144 Africae
583 4070 788 4149 praefectum,
809 4072 893 4129 cuius
906 4078 973 4126 tum
987 4067 1105 4144 legatus
1120 4072 1185 4150 erat

79 4158 229 4235 Gregoras
254 4156 406 4235 patricius.
451 4154 505 4215 sed
528 4154 610 4236 quod
631 4165 734 4215 noster
746 4156 904 4215 amborum
917 4152 1028 4211 liberos
1041 4149 1106 4229 pari
1119 4151 1185 4207 iura

80 4240 121 4300 ad
134 4260 220 4321 spem
232 4244 353 4322 imperii
364 4243 472 4303 missos
488 4238 746 4320 Gpolimass'erit,
766 4240 942 4301 Heraclium
958 4238 1109 4297 maritmo
1129 4236 1187 4293 Ni-
