<?xml version="1.0" encoding="UTF-8"?>
<!DOCTYPE html PUBLIC "-//W3C//DTD XHTML 1.0 Transitional//EN"
    "http://www.w3.org/TR/xhtml1/DTD/xhtml1-transitional.dtd">
<html xmlns="http://www.w3.org/1999/xhtml" xml:lang="en" lang="en">
 <head>
  <title>
</title>
<meta http-equiv="Content-Type" content="text/html;charset=utf-8" />
  <meta name='ocr-system' content='tesseract 3.04.00' />
  <meta name='ocr-capabilities' content='ocr_page ocr_carea ocr_par ocr_line ocrx_word'/>
</head>
<body>
  <div class='ocr_page' id='page_1' title='image "./corpusscriptoru71theogoog/corpusscriptoru71theogoog_0564.png"; bbox 0 0 2792 4709; ppageno 0'>
   <div class='ocr_carea' id='block_1_1' title="bbox 192 191 1310 443">
    <p class='ocr_par' dir='ltr' id='par_1_1' title="bbox 192 191 1310 443">
     <span class='ocr_line' id='line_1_1' title="bbox 195 191 833 267; baseline -0.009 -1"><span class='ocrx_word' id='word_1_1' title='bbox 195 194 271 267; x_wconf 69' lang='lat'>122</span> <span class='ocrx_word' id='word_1_2' title='bbox 659 191 833 263; x_wconf 72' lang='lat' dir='ltr'>PETAVII</span> 
     </span>
     <span class='ocr_line' id='line_1_2' title="bbox 192 354 1310 443; baseline 0 -20"><span class='ocrx_word' id='word_1_3' title='bbox 192 360 278 423; x_wconf 83' lang='lat' dir='ltr'>libris</span> <span class='ocrx_word' id='word_1_4' title='bbox 293 357 385 441; x_wconf 89' lang='lat' dir='ltr'>longe</span> <span class='ocrx_word' id='word_1_5' title='bbox 404 354 541 421; x_wconf 74' lang='lat' dir='ltr'>diversus</span> <span class='ocrx_word' id='word_1_6' title='bbox 559 376 579 419; x_wconf 85' lang='lat' dir='ltr'>s</span> <span class='ocrx_word' id='word_1_7' title='bbox 599 356 791 442; x_wconf 74' lang='lat' dir='ltr'>Theophane</span> <span class='ocrx_word' id='word_1_8' title='bbox 811 359 964 421; x_wconf 77' lang='lat' dir='ltr'>Dissonns</span> <span class='ocrx_word' id='word_1_9' title='bbox 984 372 1048 438; x_wconf 83' lang='lat' dir='ltr'>est3</span> <span class='ocrx_word' id='word_1_10' title='bbox 1076 356 1111 421; x_wconf 86' lang='lat' dir='ltr'>id</span> <span class='ocrx_word' id='word_1_11' title='bbox 1131 358 1225 443; x_wconf 78' lang='lat' dir='ltr'>qnod</span> <span class='ocrx_word' id='word_1_12' title='bbox 1245 362 1310 423; x_wconf 72' lang='lat' dir='ltr'>ono</span> 
     </span>
    </p>
   </div>
   <div class='ocr_carea' id='block_1_2' title="bbox 93 446 1377 4295">
    <p class='ocr_par' dir='ltr' id='par_1_2' title="bbox 191 446 535 509">
     <span class='ocr_line' id='line_1_3' title="bbox 191 446 535 509; baseline -0.006 0"><span class='ocrx_word' id='word_1_13' title='bbox 191 448 260 509; x_wconf 87' lang='lat' dir='ltr'>loon</span> <span class='ocrx_word' id='word_1_14' title='bbox 275 446 535 507; x_wconf 66' lang='lat' dir='ltr'><strong>demonstrabitur.</strong></span> 
     </span>
    </p>

    <p class='ocr_par' dir='ltr' id='par_1_3' title="bbox 182 528 1377 3692">
     <span class='ocr_line' id='line_1_4' title="bbox 277 528 1308 611; baseline 0 -20"><span class='ocrx_word' id='word_1_15' title='bbox 277 530 351 591; x_wconf 80' lang='lat' dir='ltr'>idid.</span> <span class='ocrx_word' id='word_1_16' title='bbox 395 533 490 591; x_wconf 81' lang='lat' dir='ltr'>multa</span> <span class='ocrx_word' id='word_1_17' title='bbox 518 541 588 592; x_wconf 83' lang='lat' dir='ltr'>sunt</span> <span class='ocrx_word' id='word_1_18' title='bbox 615 528 675 591; x_wconf 86' lang='lat' dir='ltr'>hae</span> <span class='ocrx_word' id='word_1_19' title='bbox 696 532 730 591; x_wconf 86' lang='lat' dir='ltr'>irs</span> <span class='ocrx_word' id='word_1_20' title='bbox 749 529 949 611; x_wconf 83' lang='lat' dir='ltr'>topographia</span> <span class='ocrx_word' id='word_1_21' title='bbox 967 550 1127 610; x_wconf 86' lang='lat' dir='ltr'>perperam</span> <span class='ocrx_word' id='word_1_22' title='bbox 1149 552 1170 590; x_wconf 84' lang='lat' dir='ltr'>s</span> <span class='ocrx_word' id='word_1_23' title='bbox 1189 530 1308 592; x_wconf 81' lang='lat' dir='ltr'>Theo-</span> 
     </span>
     <span class='ocr_line' id='line_1_5' title="bbox 191 616 1308 699; baseline -0.001 -22"><span class='ocrx_word' id='word_1_24' title='bbox 191 616 292 699; x_wconf 87' lang='lat' dir='ltr'>phane</span> <span class='ocrx_word' id='word_1_25' title='bbox 315 616 473 698; x_wconf 77' lang='lat' dir='ltr'>descripta.</span> <span class='ocrx_word' id='word_1_26' title='bbox 521 620 655 697; x_wconf 77' lang='lat' dir='ltr'>primurn</span> <span class='ocrx_word' id='word_1_27' title='bbox 674 618 746 676; x_wconf 80' lang='lat' dir='ltr'>Atel</span> <span class='ocrx_word' id='word_1_28' title='bbox 770 621 926 697; x_wconf 86' lang='lat' dir='ltr'>ingentem</span> <span class='ocrx_word' id='word_1_29' title='bbox 946 617 1073 675; x_wconf 79' lang='lat' dir='ltr'>flurium</span> <span class='ocrx_word' id='word_1_30' title='bbox 1095 621 1208 677; x_wconf 60' lang='lat' dir='ltr'>“serit</span> <span class='ocrx_word' id='word_1_31' title='bbox 1235 638 1308 676; x_wconf 80' lang='lat' dir='ltr'>num</span> 
     </span>
     <span class='ocr_line' id='line_1_6' title="bbox 191 699 1308 783; baseline -0.002 -19"><span class='ocrx_word' id='word_1_32' title='bbox 191 707 293 765; x_wconf 85' lang='lat' dir='ltr'>Tanai</span> <span class='ocrx_word' id='word_1_33' title='bbox 312 706 432 763; x_wconf 76' lang='lat' dir='ltr'>misceri</span> <span class='ocrx_word' id='word_1_34' title='bbox 456 713 547 783; x_wconf 89' lang='lat' dir='ltr'>atque</span> <span class='ocrx_word' id='word_1_35' title='bbox 569 705 600 762; x_wconf 91' lang='lat' dir='ltr'>in</span> <span class='ocrx_word' id='word_1_36' title='bbox 617 700 800 763; x_wconf 81' lang='lat' dir='ltr'>Maeotidem</span> <span class='ocrx_word' id='word_1_37' title='bbox 818 702 995 761; x_wconf 71' lang='lat' dir='ltr'>deuouere:</span> <span class='ocrx_word' id='word_1_38' title='bbox 1015 699 1071 762; x_wconf 83' lang='lat' dir='ltr'>sed</span> <span class='ocrx_word' id='word_1_39' title='bbox 1086 714 1178 761; x_wconf 85' lang='lat' dir='ltr'>antea</span> <span class='ocrx_word' id='word_1_40' title='bbox 1195 724 1308 762; x_wconf 76' lang='lat' dir='ltr'>rursus</span> 
     </span>
     <span class='ocr_line' id='line_1_7' title="bbox 192 786 1308 869; baseline -0.002 -20"><span class='ocrx_word' id='word_1_41' title='bbox 192 810 211 849; x_wconf 83' lang='lat' dir='ltr'>a</span> <span class='ocrx_word' id='word_1_42' title='bbox 225 791 325 850; x_wconf 88' lang='lat' dir='ltr'>Tanai</span> <span class='ocrx_word' id='word_1_43' title='bbox 340 786 497 849; x_wconf 79' lang='lat' dir='ltr'>diductum</span> <span class='ocrx_word' id='word_1_44' title='bbox 510 786 678 869; x_wconf 77' lang='lat' dir='ltr'>Cophinem</span> <span class='ocrx_word' id='word_1_45' title='bbox 690 789 742 847; x_wconf 85' lang='lat' dir='ltr'>rel</span> <span class='ocrx_word' id='word_1_46' title='bbox 756 789 856 847; x_wconf 75' lang='lat' dir='ltr'>faeere</span> <span class='ocrx_word' id='word_1_47' title='bbox 873 788 923 845; x_wconf 88' lang='lat' dir='ltr'>rei</span> <span class='ocrx_word' id='word_1_48' title='bbox 936 790 1077 867; x_wconf 73' lang='lat' dir='ltr'>excipere</span> <span class='ocrx_word' id='word_1_49' title='bbox 1090 788 1180 866; x_wconf 83' lang='lat' dir='ltr'>(nam</span> <span class='ocrx_word' id='word_1_50' title='bbox 1197 790 1308 847; x_wconf 79' lang='lat' dir='ltr'>ambi-</span> 
     </span>
     <span class='ocr_line' id='line_1_8' title="bbox 190 871 1307 956; baseline -0.002 -23"><span class='ocrx_word' id='word_1_51' title='bbox 190 894 250 955; x_wconf 84' lang='lat' dir='ltr'>gue</span> <span class='ocrx_word' id='word_1_52' title='bbox 266 873 431 955; x_wconf 84' lang='lat' dir='ltr'>loquitur),</span> <span class='ocrx_word' id='word_1_53' title='bbox 457 885 547 956; x_wconf 85' lang='lat' dir='ltr'>atque</span> <span class='ocrx_word' id='word_1_54' title='bbox 561 876 595 933; x_wconf 91' lang='lat' dir='ltr'>in</span> <span class='ocrx_word' id='word_1_55' title='bbox 609 876 770 933; x_wconf 70' lang='lat' dir='ltr'>Ponticum</span> <span class='ocrx_word' id='word_1_56' title='bbox 783 894 948 933; x_wconf 86' lang='lat' dir='ltr'>exonerare</span> <span class='ocrx_word' id='word_1_57' title='bbox 961 892 1046 948; x_wconf 87' lang='lat' dir='ltr'>sese,</span> <span class='ocrx_word' id='word_1_58' title='bbox 1073 871 1114 931; x_wconf 88' lang='lat' dir='ltr'>ad</span> <span class='ocrx_word' id='word_1_59' title='bbox 1125 876 1307 953; x_wconf 79' lang='lat' dir='ltr'>Neuropyis</span> 
     </span>
     <span class='ocr_line' id='line_1_9' title="bbox 189 954 1305 1041; baseline -0.002 -22"><span class='ocrx_word' id='word_1_60' title='bbox 189 969 221 1019; x_wconf 89' lang='lat' dir='ltr'>et</span> <span class='ocrx_word' id='word_1_61' title='bbox 246 963 345 1041; x_wconf 78' lang='grc' dir='ltr'><strong><em>Κριοῦ</em></strong></span> <span class='ocrx_word' id='word_1_62' title='bbox 366 954 542 1041; x_wconf 75' lang='grc' dir='ltr'><strong><em>πρόσωπον.</em></strong></span> <span class='ocrx_word' id='word_1_63' title='bbox 583 969 654 1019; x_wconf 87' lang='lat' dir='ltr'>sunt</span> <span class='ocrx_word' id='word_1_64' title='bbox 674 957 752 1017; x_wconf 83' lang='lat' dir='ltr'>haee</span> <span class='ocrx_word' id='word_1_65' title='bbox 778 962 894 1038; x_wconf 85' lang='lat' dir='ltr'>aegroti</span> <span class='ocrx_word' id='word_1_66' title='bbox 918 962 1028 1017; x_wconf 82' lang='lat' dir='ltr'>veteris</span> <span class='ocrx_word' id='word_1_67' title='bbox 1051 962 1182 1019; x_wconf 86' lang='lat' dir='ltr'>somnis.</span> <span class='ocrx_word' id='word_1_68' title='bbox 1229 962 1305 1018; x_wconf 82' lang='lat' dir='ltr'>Atel</span> 
     </span>
     <span class='ocr_line' id='line_1_10' title="bbox 188 1042 1305 1126; baseline -0.002 -21"><span class='ocrx_word' id='word_1_69' title='bbox 188 1042 272 1105; x_wconf 88' lang='lat' dir='ltr'>idem</span> <span class='ocrx_word' id='word_1_70' title='bbox 286 1054 332 1105; x_wconf 87' lang='lat' dir='ltr'>est</span> <span class='ocrx_word' id='word_1_71' title='bbox 349 1064 419 1105; x_wconf 88' lang='lat' dir='ltr'>oum</span> <span class='ocrx_word' id='word_1_72' title='bbox 432 1042 499 1105; x_wconf 85' lang='lat' dir='ltr'>Rha</span> <span class='ocrx_word' id='word_1_73' title='bbox 512 1046 679 1105; x_wconf 75' lang='lat' dir='ltr'>Sarmatiae</span> <span class='ocrx_word' id='word_1_74' title='bbox 693 1046 844 1117; x_wconf 73' lang='lat' dir='ltr'>Asiatioee</span> <span class='ocrx_word' id='word_1_75' title='bbox 857 1045 973 1122; x_wconf 85' lang='lat' dir='ltr'>ingenti</span> <span class='ocrx_word' id='word_1_76' title='bbox 986 1063 1060 1102; x_wconf 81' lang='lat' dir='ltr'>esne</span> <span class='ocrx_word' id='word_1_77' title='bbox 1074 1044 1181 1118; x_wconf 63' lang='lat' dir='ltr'>dudo,</span> <span class='ocrx_word' id='word_1_78' title='bbox 1203 1064 1305 1126; x_wconf 85' lang='lat' dir='ltr'>quem</span> 
     </span>
     <span class='ocr_line' id='line_1_11' title="bbox 188 1127 1304 1212; baseline -0.001 -24"><span class='ocrx_word' id='word_1_79' title='bbox 188 1129 270 1201; x_wconf 66' lang='lat' dir='ltr'>Euat</span> <span class='ocrx_word' id='word_1_80' title='bbox 290 1130 328 1189; x_wconf 82' lang='lat' dir='ltr'>ab</span> <span class='ocrx_word' id='word_1_81' title='bbox 351 1131 460 1191; x_wconf 86' lang='lat' dir='ltr'>aooolis</span> <span class='ocrx_word' id='word_1_82' title='bbox 478 1132 616 1191; x_wconf 82' lang='lat' dir='ltr'>Tartan&#39;s</span> <span class='ocrx_word' id='word_1_83' title='bbox 640 1127 792 1212; x_wconf 78' lang='lat' dir='ltr'>hodieque</span> <span class='ocrx_word' id='word_1_84' title='bbox 815 1132 966 1188; x_wconf 84' lang='lat' dir='ltr'>nominari</span> <span class='ocrx_word' id='word_1_85' title='bbox 984 1130 1131 1203; x_wconf 78' lang='lat' dir='ltr'>referunt,</span> <span class='ocrx_word' id='word_1_86' title='bbox 1165 1131 1207 1187; x_wconf 87' lang='lat' dir='ltr'>ah</span> <span class='ocrx_word' id='word_1_87' title='bbox 1231 1130 1304 1187; x_wconf 85' lang='lat' dir='ltr'>aliis</span> 
     </span>
     <span class='ocr_line' id='line_1_12' title="bbox 193 1214 1303 1297; baseline -0.003 -21"><span class='ocrx_word' id='word_1_88' title='bbox 193 1216 302 1297; x_wconf 78' lang='lat' dir='ltr'>Volgo.</span> <span class='ocrx_word' id='word_1_89' title='bbox 348 1226 379 1275; x_wconf 89' lang='lat' dir='ltr'>at</span> <span class='ocrx_word' id='word_1_90' title='bbox 394 1219 421 1276; x_wconf 89' lang='lat' dir='ltr'>is</span> <span class='ocrx_word' id='word_1_91' title='bbox 436 1236 536 1297; x_wconf 89' lang='lat' dir='ltr'>neque</span> <span class='ocrx_word' id='word_1_92' title='bbox 556 1234 626 1275; x_wconf 87' lang='lat' dir='ltr'>oum</span> <span class='ocrx_word' id='word_1_93' title='bbox 637 1218 739 1277; x_wconf 82' lang='lat' dir='ltr'>Tanai</span> <span class='ocrx_word' id='word_1_94' title='bbox 755 1214 982 1289; x_wconf 64' lang='lat' dir='ltr'>miscerentur,</span> <span class='ocrx_word' id='word_1_95' title='bbox 1003 1234 1102 1295; x_wconf 85' lang='lat' dir='ltr'>neque</span> <span class='ocrx_word' id='word_1_96' title='bbox 1116 1218 1151 1273; x_wconf 91' lang='lat' dir='ltr'>in</span> <span class='ocrx_word' id='word_1_97' title='bbox 1164 1218 1303 1273; x_wconf 74' lang='lat' dir='ltr'>Maeoti-</span> 
     </span>
     <span class='ocr_line' id='line_1_13' title="bbox 191 1297 1374 1383; baseline -0.001 -24"><span class='ocrx_word' id='word_1_98' title='bbox 191 1300 262 1360; x_wconf 91' lang='lat' dir='ltr'>dem</span> <span class='ocrx_word' id='word_1_99' title='bbox 276 1297 330 1361; x_wconf 87' lang='lat' dir='ltr'>sed</span> <span class='ocrx_word' id='word_1_100' title='bbox 346 1304 379 1361; x_wconf 91' lang='lat' dir='ltr'>in</span> <span class='ocrx_word' id='word_1_101' title='bbox 393 1305 567 1382; x_wconf 82' lang='lat' dir='ltr'>Hyrosnum</span> <span class='ocrx_word' id='word_1_102' title='bbox 585 1302 712 1383; x_wconf 80' lang='lat' dir='ltr'>pelagus</span> <span class='ocrx_word' id='word_1_103' title='bbox 730 1302 889 1361; x_wconf 79' lang='lat' dir='ltr'>evolvitur.</span> <span class='ocrx_word' id='word_1_104' title='bbox 930 1298 986 1360; x_wconf 87' lang='lat' dir='ltr'>sed</span> <span class='ocrx_word' id='word_1_105' title='bbox 1000 1310 1033 1359; x_wconf 88' lang='lat' dir='ltr'>et</span> <span class='ocrx_word' id='word_1_106' title='bbox 1047 1302 1162 1359; x_wconf 84' lang='lat' dir='ltr'>falsum</span> <span class='ocrx_word' id='word_1_107' title='bbox 1174 1302 1301 1359; x_wconf 80' lang='lat' dir='ltr'>Tanain</span> <span class='ocrx_word' id='word_1_108' title='bbox 1373 1319 1374 1342; x_wconf 34' lang='grc' dir='ltr'>ἐ</span> 
     </span>
     <span class='ocr_line' id='line_1_14' title="bbox 191 1381 1374 1468; baseline -0.003 -21"><span class='ocrx_word' id='word_1_109' title='bbox 191 1388 230 1447; x_wconf 89' lang='lat' dir='ltr'>ab</span> <span class='ocrx_word' id='word_1_110' title='bbox 245 1388 367 1447; x_wconf 85' lang='lat' dir='ltr'>lberiois</span> <span class='ocrx_word' id='word_1_111' title='bbox 387 1389 472 1468; x_wconf 80' lang='lat' dir='ltr'>Pylis</span> <span class='ocrx_word' id='word_1_112' title='bbox 493 1398 545 1447; x_wconf 88' lang='lat' dir='ltr'>aut</span> <span class='ocrx_word' id='word_1_113' title='bbox 557 1388 691 1447; x_wconf 73' lang='lat' dir='ltr'>Cadmo</span> <span class='ocrx_word' id='word_1_114' title='bbox 709 1388 814 1447; x_wconf 86' lang='lat' dir='ltr'>fluere.</span> <span class='ocrx_word' id='word_1_115' title='bbox 855 1384 939 1468; x_wconf 88' lang='lat' dir='ltr'>quod</span> <span class='ocrx_word' id='word_1_116' title='bbox 958 1406 1031 1445; x_wconf 79' lang='lat' dir='ltr'>vero</span> <span class='ocrx_word' id='word_1_117' title='bbox 1050 1398 1226 1446; x_wconf 86' lang='lat' dir='ltr'>monstrum</span> <span class='ocrx_word' id='word_1_118' title='bbox 1248 1384 1302 1444; x_wconf 82' lang='lat' dir='ltr'>hio</span> <span class='ocrx_word' id='word_1_119' title='bbox 1373 1381 1374 1436; x_wconf 73' lang='grc' dir='ltr'>Ϊ</span> 
     </span>
     <span class='ocr_line' id='line_1_15' title="bbox 189 1469 1300 1554; baseline -0.002 -23"><span class='ocrx_word' id='word_1_120' title='bbox 189 1482 344 1554; x_wconf 78' lang='lat' dir='ltr'>procreat,</span> <span class='ocrx_word' id='word_1_121' title='bbox 372 1492 443 1531; x_wconf 85' lang='lat' dir='ltr'>oum</span> <span class='ocrx_word' id='word_1_122' title='bbox 458 1472 496 1532; x_wconf 84' lang='lat' dir='ltr'>ab</span> <span class='ocrx_word' id='word_1_123' title='bbox 510 1474 607 1533; x_wconf 80' lang='lat' dir='ltr'>Atelis</span> <span class='ocrx_word' id='word_1_124' title='bbox 627 1482 659 1531; x_wconf 89' lang='lat' dir='ltr'>et</span> <span class='ocrx_word' id='word_1_125' title='bbox 671 1473 787 1532; x_wconf 84' lang='lat' dir='ltr'>Tanais</span> <span class='ocrx_word' id='word_1_126' title='bbox 806 1470 935 1531; x_wconf 68' lang='lat' dir='ltr'>hrortio</span> <span class='ocrx_word' id='word_1_127' title='bbox 948 1469 1062 1531; x_wconf 81' lang='lat' dir='ltr'>exinde</span> <span class='ocrx_word' id='word_1_128' title='bbox 1074 1469 1253 1550; x_wconf 77' lang='lat' dir='ltr'>Cophinem</span> <span class='ocrx_word' id='word_1_129' title='bbox 1266 1474 1300 1529; x_wconf 86' lang='lat' dir='ltr'>in</span> 
     </span>
     <span class='ocr_line' id='line_1_16' title="bbox 189 1551 1300 1641; baseline -0.005 -20"><span class='ocrx_word' id='word_1_130' title='bbox 189 1562 294 1640; x_wconf 76' lang='grc' dir='ltr'><strong><em>Κριοῦ</em></strong></span> <span class='ocrx_word' id='word_1_131' title='bbox 307 1551 472 1639; x_wconf 73' lang='grc' dir='ltr'>πρόσωπον</span> <span class='ocrx_word' id='word_1_132' title='bbox 486 1556 625 1618; x_wconf 79' lang='lat' dir='ltr'>desirati</span> <span class='ocrx_word' id='word_1_133' title='bbox 667 1561 756 1641; x_wconf 87' lang='lat' dir='ltr'>quasi</span> <span class='ocrx_word' id='word_1_134' title='bbox 769 1554 838 1617; x_wconf 81' lang='lat' dir='ltr'>Rha</span> <span class='ocrx_word' id='word_1_135' title='bbox 851 1567 935 1618; x_wconf 78' lang='lat' dir='ltr'>nans</span> <span class='ocrx_word' id='word_1_136' title='bbox 945 1560 1066 1616; x_wconf 82' lang='lat' dir='ltr'>Tanain</span> <span class='ocrx_word' id='word_1_137' title='bbox 1081 1557 1226 1636; x_wconf 80' lang='lat' dir='ltr'>elapsus,</span> <span class='ocrx_word' id='word_1_138' title='bbox 1247 1560 1300 1615; x_wconf 86' lang='lat' dir='ltr'>in·</span> 
     </span>
     <span class='ocr_line' id='line_1_17' title="bbox 188 1640 1299 1723; baseline -0.001 -22"><span class='ocrx_word' id='word_1_139' title='bbox 188 1644 324 1703; x_wconf 87' lang='lat' dir='ltr'>numeris</span> <span class='ocrx_word' id='word_1_140' title='bbox 341 1648 504 1723; x_wconf 84' lang='lat' dir='ltr'>penetratis</span> <span class='ocrx_word' id='word_1_141' title='bbox 517 1644 673 1721; x_wconf 86' lang='lat' dir='ltr'>amnibus,</span> <span class='ocrx_word' id='word_1_142' title='bbox 704 1663 740 1703; x_wconf 90' lang='lat' dir='ltr'>ao</span> <span class='ocrx_word' id='word_1_143' title='bbox 756 1644 921 1703; x_wconf 79' lang='lat' dir='ltr'>Taurinam</span> <span class='ocrx_word' id='word_1_144' title='bbox 931 1640 1171 1717; x_wconf 80' lang='lat' dir='ltr'>cherronesum,</span> <span class='ocrx_word' id='word_1_145' title='bbox 1203 1662 1299 1723; x_wconf 77' lang='lat' dir='ltr'>qnam</span> 
     </span>
     <span class='ocr_line' id='line_1_18' title="bbox 187 1726 1298 1808; baseline -0.003 -20"><span class='ocrx_word' id='word_1_146' title='bbox 187 1728 250 1788; x_wconf 82' lang='lat' dir='ltr'>lata</span> <span class='ocrx_word' id='word_1_147' title='bbox 264 1738 319 1802; x_wconf 86' lang='lat' dir='ltr'>est,</span> <span class='ocrx_word' id='word_1_148' title='bbox 341 1748 480 1789; x_wconf 82' lang='lat' dir='ltr'>emensus</span> <span class='ocrx_word' id='word_1_149' title='bbox 492 1732 526 1787; x_wconf 94' lang='lat' dir='ltr'>in</span> <span class='ocrx_word' id='word_1_150' title='bbox 537 1731 697 1789; x_wconf 74' lang='lat' dir='ltr'>Ponticum</span> <span class='ocrx_word' id='word_1_151' title='bbox 711 1728 857 1789; x_wconf 69' lang='lat' dir='ltr'>decurrat.</span> <span class='ocrx_word' id='word_1_152' title='bbox 884 1726 1022 1787; x_wconf 86' lang='lat' dir='ltr'>inaudita</span> <span class='ocrx_word' id='word_1_153' title='bbox 1034 1730 1126 1808; x_wconf 86' lang='lat' dir='ltr'>piane</span> <span class='ocrx_word' id='word_1_154' title='bbox 1139 1740 1216 1787; x_wconf 85' lang='lat' dir='ltr'>sunt</span> <span class='ocrx_word' id='word_1_155' title='bbox 1227 1731 1298 1786; x_wconf 68' lang='lat' dir='ltr'>hta.</span> 
     </span>
     <span class='ocr_line' id='line_1_19' title="bbox 187 1811 1299 1895; baseline -0.002 -22"><span class='ocrx_word' id='word_1_156' title='bbox 187 1825 220 1874; x_wconf 86' lang='lat' dir='ltr'>at</span> <span class='ocrx_word' id='word_1_157' title='bbox 235 1816 318 1873; x_wconf 88' lang='lat' dir='ltr'>euius</span> <span class='ocrx_word' id='word_1_158' title='bbox 331 1812 515 1895; x_wconf 83' lang='lat' dir='ltr'>Theophani</span> <span class='ocrx_word' id='word_1_159' title='bbox 528 1812 727 1875; x_wconf 87' lang='lat' dir='ltr'>oondonanda</span> <span class='ocrx_word' id='word_1_160' title='bbox 738 1834 775 1874; x_wconf 90' lang='lat' dir='ltr'>eo</span> <span class='ocrx_word' id='word_1_161' title='bbox 785 1815 883 1893; x_wconf 87' lang='lat' dir='ltr'>magis</span> <span class='ocrx_word' id='word_1_162' title='bbox 896 1811 973 1873; x_wconf 84' lang='lat' dir='ltr'>haee</span> <span class='ocrx_word' id='word_1_163' title='bbox 982 1816 1150 1887; x_wconf 83' lang='lat' dir='ltr'>osoitentia,</span> <span class='ocrx_word' id='word_1_164' title='bbox 1169 1812 1259 1893; x_wconf 87' lang='lat' dir='ltr'>qnod</span> <span class='ocrx_word' id='word_1_165' title='bbox 1267 1823 1299 1871; x_wconf 86' lang='lat' dir='ltr'>et</span> 
     </span>
     <span class='ocr_line' id='line_1_20' title="bbox 186 1897 1298 1981; baseline -0.002 -22"><span class='ocrx_word' id='word_1_166' title='bbox 186 1903 221 1959; x_wconf 88' lang='lat' dir='ltr'>iu</span> <span class='ocrx_word' id='word_1_167' title='bbox 234 1898 428 1960; x_wconf 71' lang='lat' dir='ltr'>historiarum</span> <span class='ocrx_word' id='word_1_168' title='bbox 442 1899 634 1981; x_wconf 65' lang='lat' dir='ltr'>scriptoribus</span> <span class='ocrx_word' id='word_1_169' title='bbox 649 1901 718 1960; x_wconf 89' lang='lat' dir='ltr'>aliis</span> <span class='ocrx_word' id='word_1_170' title='bbox 733 1902 911 1980; x_wconf 88' lang='lat' dir='ltr'>plerumque</span> <span class='ocrx_word' id='word_1_171' title='bbox 931 1901 982 1958; x_wconf 87' lang='lat' dir='ltr'>vel</span> <span class='ocrx_word' id='word_1_172' title='bbox 997 1898 1073 1959; x_wconf 85' lang='lat' dir='ltr'>tides</span> <span class='ocrx_word' id='word_1_173' title='bbox 1085 1897 1145 1957; x_wconf 86' lang='lat' dir='ltr'>hae</span> <span class='ocrx_word' id='word_1_174' title='bbox 1158 1901 1196 1956; x_wconf 87' lang='lat' dir='ltr'>in</span> <span class='ocrx_word' id='word_1_175' title='bbox 1211 1910 1298 1978; x_wconf 84' lang='lat' dir='ltr'>parte</span> 
     </span>
     <span class='ocr_line' id='line_1_21' title="bbox 184 1982 1298 2064; baseline -0.002 -19"><span class='ocrx_word' id='word_1_176' title='bbox 184 1987 237 2045; x_wconf 86' lang='lat' dir='ltr'>rel</span> <span class='ocrx_word' id='word_1_177' title='bbox 250 1984 406 2064; x_wconf 85' lang='lat' dir='ltr'>diligentia</span> <span class='ocrx_word' id='word_1_178' title='bbox 420 1982 584 2047; x_wconf 87' lang='lat' dir='ltr'>desiderari</span> <span class='ocrx_word' id='word_1_179' title='bbox 598 1986 705 2045; x_wconf 87' lang='lat' dir='ltr'>soleat.</span> <span class='ocrx_word' id='word_1_180' title='bbox 732 1983 787 2045; x_wconf 87' lang='lat' dir='ltr'>sed</span> <span class='ocrx_word' id='word_1_181' title='bbox 799 2004 890 2043; x_wconf 88' lang='lat' dir='ltr'>nemo</span> <span class='ocrx_word' id='word_1_182' title='bbox 905 1985 939 2043; x_wconf 88' lang='lat' dir='ltr'>in</span> <span class='ocrx_word' id='word_1_183' title='bbox 952 1983 1012 2044; x_wconf 83' lang='lat' dir='ltr'>hoe</span> <span class='ocrx_word' id='word_1_184' title='bbox 1023 1995 1120 2043; x_wconf 82' lang='lat' dir='ltr'>tractu</span> <span class='ocrx_word' id='word_1_185' title='bbox 1133 1982 1298 2043; x_wconf 84' lang='lat' dir='ltr'>delinean-</span> 
     </span>
     <span class='ocr_line' id='line_1_22' title="bbox 185 2067 1299 2152; baseline 0.002 -25"><span class='ocrx_word' id='word_1_186' title='bbox 185 2068 226 2129; x_wconf 90' lang='lat' dir='ltr'>do</span> <span class='ocrx_word' id='word_1_187' title='bbox 239 2072 422 2129; x_wconf 73' lang='lat' dir='ltr'>luculentius</span> <span class='ocrx_word' id='word_1_188' title='bbox 436 2082 513 2130; x_wconf 87' lang='lat' dir='ltr'>errat</span> <span class='ocrx_word' id='word_1_189' title='bbox 528 2089 620 2151; x_wconf 87' lang='lat' dir='ltr'>quam</span> <span class='ocrx_word' id='word_1_190' title='bbox 641 2072 695 2152; x_wconf 90' lang='lat' dir='ltr'>qni</span> <span class='ocrx_word' id='word_1_191' title='bbox 709 2073 952 2130; x_wconf 73' lang='lat' dir='ltr'>nocentissimus</span> <span class='ocrx_word' id='word_1_192' title='bbox 974 2081 1006 2127; x_wconf 90' lang='lat' dir='ltr'>et</span> <span class='ocrx_word' id='word_1_193' title='bbox 1026 2067 1156 2129; x_wconf 82' lang='lat' dir='ltr'>hahetur</span> <span class='ocrx_word' id='word_1_194' title='bbox 1175 2090 1197 2128; x_wconf 84' lang='lat' dir='ltr'>a</span> <span class='ocrx_word' id='word_1_195' title='bbox 1217 2090 1299 2129; x_wconf 88' lang='lat' dir='ltr'>non-</span> 
     </span>
     <span class='ocr_line' id='line_1_23' title="bbox 184 2153 1296 2219; baseline -0.002 -4"><span class='ocrx_word' id='word_1_196' title='bbox 184 2156 279 2215; x_wconf 83' lang='lat' dir='ltr'>nullis</span> <span class='ocrx_word' id='word_1_197' title='bbox 292 2164 323 2213; x_wconf 89' lang='lat' dir='ltr'>et</span> <span class='ocrx_word' id='word_1_198' title='bbox 336 2153 441 2215; x_wconf 85' lang='lat' dir='ltr'>haberi</span> <span class='ocrx_word' id='word_1_199' title='bbox 454 2158 549 2215; x_wconf 77' lang='lat' dir='ltr'>voluit</span> <span class='ocrx_word' id='word_1_200' title='bbox 561 2158 752 2217; x_wconf 80' lang='lat' dir='ltr'>Ammianus·</span> <span class='ocrx_word' id='word_1_201' title='bbox 794 2154 846 2215; x_wconf 88' lang='lat' dir='ltr'>hio</span> <span class='ocrx_word' id='word_1_202' title='bbox 865 2157 887 2213; x_wconf 92' lang='lat'>1.</span> <span class='ocrx_word' id='word_1_203' title='bbox 907 2160 950 2219; x_wconf 77' lang='lat'>22</span> <span class='ocrx_word' id='word_1_204' title='bbox 971 2158 1016 2214; x_wconf 83' lang='lat' dir='ltr'>sio</span> <span class='ocrx_word' id='word_1_205' title='bbox 1029 2158 1190 2216; x_wconf 75' lang='lat' dir='ltr'>Ponticam</span> <span class='ocrx_word' id='word_1_206' title='bbox 1208 2157 1296 2213; x_wconf 81' lang='lat' dir='ltr'>itiam</span> 
     </span>
     <span class='ocr_line' id='line_1_24' title="bbox 185 2240 1297 2320; baseline -0.001 -21"><span class='ocrx_word' id='word_1_207' title='bbox 185 2242 343 2320; x_wconf 81' lang='lat' dir='ltr'>regionem</span> <span class='ocrx_word' id='word_1_208' title='bbox 361 2242 532 2301; x_wconf 72' lang='lat' dir='ltr'>narratione</span> <span class='ocrx_word' id='word_1_209' title='bbox 553 2261 609 2302; x_wconf 86' lang='lat' dir='ltr'>sua</span> <span class='ocrx_word' id='word_1_210' title='bbox 624 2240 773 2302; x_wconf 79' lang='lat' dir='ltr'>deformat</span> <span class='ocrx_word' id='word_1_211' title='bbox 785 2252 820 2302; x_wconf 90' lang='lat' dir='ltr'>ut</span> <span class='ocrx_word' id='word_1_212' title='bbox 833 2241 926 2301; x_wconf 87' lang='lat' dir='ltr'>aliam</span> <span class='ocrx_word' id='word_1_213' title='bbox 936 2260 978 2301; x_wconf 82' lang='lat' dir='ltr'>ex</span> <span class='ocrx_word' id='word_1_214' title='bbox 992 2242 1052 2300; x_wconf 86' lang='lat' dir='ltr'>alia</span> <span class='ocrx_word' id='word_1_215' title='bbox 1067 2252 1195 2320; x_wconf 88' lang='lat' dir='ltr'>repente</span> <span class='ocrx_word' id='word_1_216' title='bbox 1211 2243 1297 2299; x_wconf 84' lang='lat' dir='ltr'>feee-</span> 
     </span>
     <span class='ocr_line' id='line_1_25' title="bbox 185 2324 1297 2409; baseline 0.004 -25"><span class='ocrx_word' id='word_1_217' title='bbox 185 2330 234 2385; x_wconf 88' lang='lat' dir='ltr'>rit.</span> <span class='ocrx_word' id='word_1_218' title='bbox 288 2328 426 2405; x_wconf 85' lang='lat' dir='ltr'>ioprimis</span> <span class='ocrx_word' id='word_1_219' title='bbox 447 2328 605 2386; x_wconf 82' lang='lat' dir='ltr'>Euxinum</span> <span class='ocrx_word' id='word_1_220' title='bbox 626 2330 669 2387; x_wconf 86' lang='lat' dir='ltr'>ait</span> <span class='ocrx_word' id='word_1_221' title='bbox 689 2324 824 2409; x_wconf 80' lang='lat' dir='ltr'>Soythiei</span> <span class='ocrx_word' id='word_1_222' title='bbox 848 2346 935 2386; x_wconf 81' lang='lat' dir='ltr'>aruns</span> <span class='ocrx_word' id='word_1_223' title='bbox 955 2328 1144 2407; x_wconf 83' lang='lat' dir='ltr'>inspeciem</span> <span class='ocrx_word' id='word_1_224' title='bbox 1162 2329 1297 2406; x_wconf 81' lang='lat' dir='ltr'>geminis</span> 
     </span>
     <span class='ocr_line' id='line_1_26' title="bbox 183 2410 1297 2494; baseline 0.001 -23"><span class='ocrx_word' id='word_1_225' title='bbox 183 2412 326 2471; x_wconf 86' lang='lat' dir='ltr'>ooruibus</span> <span class='ocrx_word' id='word_1_226' title='bbox 344 2412 474 2487; x_wconf 75' lang='lat' dir='ltr'>inflecti,</span> <span class='ocrx_word' id='word_1_227' title='bbox 497 2412 704 2493; x_wconf 81' lang='lat' dir='ltr'>quadrarum</span> <span class='ocrx_word' id='word_1_228' title='bbox 720 2424 776 2471; x_wconf 85' lang='lat' dir='ltr'>est.</span> <span class='ocrx_word' id='word_1_229' title='bbox 818 2411 900 2494; x_wconf 88' lang='lat' dir='ltr'>qnod</span> <span class='ocrx_word' id='word_1_230' title='bbox 919 2422 1021 2471; x_wconf 83' lang='lat' dir='ltr'>autem</span> <span class='ocrx_word' id='word_1_231' title='bbox 1041 2423 1180 2471; x_wconf 81' lang='lat' dir='ltr'>extrema</span> <span class='ocrx_word' id='word_1_232' title='bbox 1204 2410 1297 2472; x_wconf 76' lang='lat' dir='ltr'>haina</span> 
     </span>
     <span class='ocr_line' id='line_1_27' title="bbox 184 2496 1377 2579; baseline 0.002 -24"><span class='ocrx_word' id='word_1_233' title='bbox 184 2516 272 2557; x_wconf 78' lang='lat' dir='ltr'>arcus</span> <span class='ocrx_word' id='word_1_234' title='bbox 288 2496 364 2558; x_wconf 86' lang='lat' dir='ltr'>duos</span> <span class='ocrx_word' id='word_1_235' title='bbox 382 2518 447 2558; x_wconf 85' lang='lat' dir='ltr'>esse</span> <span class='ocrx_word' id='word_1_236' title='bbox 460 2502 611 2579; x_wconf 87' lang='lat' dir='ltr'>Bosporos</span> <span class='ocrx_word' id='word_1_237' title='bbox 625 2500 746 2573; x_wconf 81' lang='lat' dir='ltr'>usserit,</span> <span class='ocrx_word' id='word_1_238' title='bbox 774 2497 972 2557; x_wconf 73' lang='lat' dir='ltr'>cimmerium</span> <span class='ocrx_word' id='word_1_239' title='bbox 984 2508 1016 2556; x_wconf 88' lang='lat' dir='ltr'>et</span> <span class='ocrx_word' id='word_1_240' title='bbox 1027 2496 1214 2572; x_wconf 81' lang='lat' dir='ltr'>Thracium,</span> <span class='ocrx_word' id='word_1_241' title='bbox 1237 2496 1296 2557; x_wconf 81' lang='lat' dir='ltr'>hoa</span> <span class='ocrx_word' id='word_1_242' title='bbox 1376 2561 1377 2568; x_wconf 9' lang='grc' dir='ltr'>χ</span> 
     </span>
     <span class='ocr_line' id='line_1_28' title="bbox 183 2581 1377 2663; baseline 0.002 -24"><span class='ocrx_word' id='word_1_243' title='bbox 183 2601 257 2641; x_wconf 83' lang='lat' dir='ltr'>vero</span> <span class='ocrx_word' id='word_1_244' title='bbox 277 2582 495 2663; x_wconf 88' lang='lat' dir='ltr'>perabsurdum</span> <span class='ocrx_word' id='word_1_245' title='bbox 508 2594 564 2643; x_wconf 85' lang='lat' dir='ltr'>est.</span> <span class='ocrx_word' id='word_1_246' title='bbox 608 2582 693 2643; x_wconf 88' lang='lat' dir='ltr'>addit</span> <span class='ocrx_word' id='word_1_247' title='bbox 710 2581 841 2643; x_wconf 86' lang='lat' dir='ltr'>eundem</span> <span class='ocrx_word' id='word_1_248' title='bbox 853 2584 1012 2641; x_wconf 83' lang='lat' dir='ltr'>Euxinum</span> <span class='ocrx_word' id='word_1_249' title='bbox 1026 2583 1188 2643; x_wconf 80' lang='lat' dir='ltr'>Maeotidis</span> <span class='ocrx_word' id='word_1_250' title='bbox 1202 2584 1295 2663; x_wconf 87' lang='lat' dir='ltr'>pain·</span> <span class='ocrx_word' id='word_1_251' title='bbox 1376 2583 1377 2614; x_wconf 72' lang='lat'><em>³</em></span> 
     </span>
     <span class='ocr_line' id='line_1_29' title="bbox 185 2662 1295 2750; baseline -0.001 -23"><span class='ocrx_word' id='word_1_252' title='bbox 185 2667 274 2728; x_wconf 88' lang='lat' dir='ltr'>dibus</span> <span class='ocrx_word' id='word_1_253' title='bbox 288 2667 328 2726; x_wconf 87' lang='lat' dir='ltr'>ad</span> <span class='ocrx_word' id='word_1_254' title='bbox 343 2671 496 2729; x_wconf 85' lang='lat' dir='ltr'>Orientem</span> <span class='ocrx_word' id='word_1_255' title='bbox 511 2668 620 2744; x_wconf 79' lang='lat' dir='ltr'>claudi,</span> <span class='ocrx_word' id='word_1_256' title='bbox 636 2666 720 2750; x_wconf 87' lang='lat' dir='ltr'>quod</span> <span class='ocrx_word' id='word_1_257' title='bbox 732 2687 828 2749; x_wconf 89' lang='lat' dir='ltr'>aeque</span> <span class='ocrx_word' id='word_1_258' title='bbox 842 2662 1056 2747; x_wconf 75' lang='grc' dir='ltr'>ἆνιστορησὶαν</span> <span class='ocrx_word' id='word_1_259' title='bbox 1070 2667 1208 2728; x_wconf 83' lang='lat' dir='ltr'>hominis</span> <span class='ocrx_word' id='word_1_260' title='bbox 1221 2690 1295 2749; x_wconf 84' lang='lat' dir='ltr'>pro-</span> 
     </span>
     <span class='ocr_line' id='line_1_30' title="bbox 187 2752 1296 2835; baseline 0.001 -23"><span class='ocrx_word' id='word_1_261' title='bbox 187 2752 242 2812; x_wconf 88' lang='lat' dir='ltr'>dit.</span> <span class='ocrx_word' id='word_1_262' title='bbox 286 2754 354 2835; x_wconf 85' lang='lat' dir='ltr'>quis</span> <span class='ocrx_word' id='word_1_263' title='bbox 367 2752 443 2813; x_wconf 87' lang='lat' dir='ltr'>adeo</span> <span class='ocrx_word' id='word_1_264' title='bbox 460 2754 662 2835; x_wconf 78' lang='lat' dir='ltr'>geographiae</span> <span class='ocrx_word' id='word_1_265' title='bbox 675 2752 776 2828; x_wconf 88' lang='lat' dir='ltr'>rudis,</span> <span class='ocrx_word' id='word_1_266' title='bbox 798 2756 901 2835; x_wconf 87' lang='lat' dir='ltr'>quiin</span> <span class='ocrx_word' id='word_1_267' title='bbox 918 2752 1060 2835; x_wconf 83' lang='lat' dir='ltr'>Scythioo</span> <span class='ocrx_word' id='word_1_268' title='bbox 1076 2756 1131 2813; x_wconf 85' lang='lat' dir='ltr'>iilo</span> <span class='ocrx_word' id='word_1_269' title='bbox 1149 2775 1226 2813; x_wconf 87' lang='lat' dir='ltr'>areu</span> <span class='ocrx_word' id='word_1_270' title='bbox 1237 2774 1296 2813; x_wconf 89' lang='lat' dir='ltr'>ne-</span> 
     </span>
     <span class='ocr_line' id='line_1_31' title="bbox 187 2838 1294 2919; baseline 0.001 -21"><span class='ocrx_word' id='word_1_271' title='bbox 187 2839 263 2898; x_wconf 85' lang='lat' dir='ltr'>seiat</span> <span class='ocrx_word' id='word_1_272' title='bbox 275 2840 361 2899; x_wconf 82' lang='lat' dir='ltr'>nervi</span> <span class='ocrx_word' id='word_1_273' title='bbox 378 2842 474 2899; x_wconf 81' lang='lat' dir='ltr'>instar</span> <span class='ocrx_word' id='word_1_274' title='bbox 486 2842 655 2901; x_wconf 71' lang='lat' dir='ltr'>Asiaticum</span> <span class='ocrx_word' id='word_1_275' title='bbox 666 2860 733 2900; x_wconf 83' lang='lat' dir='ltr'>esse</span> <span class='ocrx_word' id='word_1_276' title='bbox 746 2841 819 2899; x_wconf 89' lang='lat' dir='ltr'>litus</span> <span class='ocrx_word' id='word_1_277' title='bbox 833 2859 851 2898; x_wconf 88' lang='lat' dir='ltr'>a</span> <span class='ocrx_word' id='word_1_278' title='bbox 862 2842 998 2919; x_wconf 86' lang='lat' dir='ltr'>Bosporo</span> <span class='ocrx_word' id='word_1_279' title='bbox 1012 2838 1051 2898; x_wconf 83' lang='lat' dir='ltr'>ad</span> <span class='ocrx_word' id='word_1_280' title='bbox 1064 2838 1198 2900; x_wconf 78' lang='lat' dir='ltr'>Colchos</span> <span class='ocrx_word' id='word_1_281' title='bbox 1209 2839 1294 2899; x_wconf 84' lang='lat' dir='ltr'>Pha·</span> 
     </span>
     <span class='ocr_line' id='line_1_32' title="bbox 185 2924 1295 3008; baseline -0.002 -23"><span class='ocrx_word' id='word_1_282' title='bbox 185 2928 295 3006; x_wconf 84' lang='lat' dir='ltr'>sinque</span> <span class='ocrx_word' id='word_1_283' title='bbox 312 2924 460 2985; x_wconf 85' lang='lat' dir='ltr'>flurium&#39;i</span> <span class='ocrx_word' id='word_1_284' title='bbox 482 2944 518 2986; x_wconf 87' lang='lat' dir='ltr'>ao</span> <span class='ocrx_word' id='word_1_285' title='bbox 534 2946 614 3002; x_wconf 88' lang='lat' dir='ltr'>oum,</span> <span class='ocrx_word' id='word_1_286' title='bbox 635 2937 669 2987; x_wconf 85' lang='lat' dir='ltr'>ut</span> <span class='ocrx_word' id='word_1_287' title='bbox 683 2925 768 2985; x_wconf 90' lang='lat' dir='ltr'>idem</span> <span class='ocrx_word' id='word_1_288' title='bbox 780 2927 930 3008; x_wconf 88' lang='lat' dir='ltr'>loquitur,</span> <span class='ocrx_word' id='word_1_289' title='bbox 953 2924 1113 3005; x_wconf 73' lang='lat' dir='ltr'>Scythicus</span> <span class='ocrx_word' id='word_1_290' title='bbox 1125 2946 1216 2985; x_wconf 80' lang='lat' dir='ltr'>arnus</span> <span class='ocrx_word' id='word_1_291' title='bbox 1232 2930 1295 2983; x_wconf 56' lang='lat' dir='ltr'>eirb</span> 
     </span>
     <span class='ocr_line' id='line_1_33' title="bbox 186 3010 1296 3092; baseline 0.001 -23"><span class='ocrx_word' id='word_1_292' title='bbox 186 3010 355 3071; x_wconf 71' lang='lat' dir='ltr'>eumductu</span> <span class='ocrx_word' id='word_1_293' title='bbox 374 3014 514 3092; x_wconf 79' lang='lat' dir='ltr'>utrinque</span> <span class='ocrx_word' id='word_1_294' title='bbox 527 3014 673 3072; x_wconf 66' lang='lat' dir='ltr'>introrsus</span> <span class='ocrx_word' id='word_1_295' title='bbox 689 3011 806 3091; x_wconf 62' lang='lat' dir='ltr'>pondes</span> <span class='ocrx_word' id='word_1_296' title='bbox 826 3022 855 3068; x_wconf 76' lang='lat' dir='ltr'>et</span> <span class='ocrx_word' id='word_1_297' title='bbox 866 3010 986 3090; x_wconf 59' lang='lat' dir='ltr'>padules</span> <span class='ocrx_word' id='word_1_298' title='bbox 1004 3011 1143 3070; x_wconf 75' lang='lat' dir='ltr'>comibus</span> <span class='ocrx_word' id='word_1_299' title='bbox 1162 3014 1296 3091; x_wconf 74' lang='lat' dir='ltr'>effigaerrs</span> 
     </span>
     <span class='ocr_line' id='line_1_34' title="bbox 185 3096 1296 3177; baseline 0.001 -23"><span class='ocrx_word' id='word_1_300' title='bbox 185 3096 279 3155; x_wconf 80' lang='lat' dir='ltr'>Iurene</span> <span class='ocrx_word' id='word_1_301' title='bbox 292 3097 484 3158; x_wconf 73' lang='lat' dir='ltr'>decrescentia</span> <span class='ocrx_word' id='word_1_302' title='bbox 497 3100 635 3157; x_wconf 79' lang='lat' dir='ltr'>ostendat</span> <span class='ocrx_word' id='word_1_303' title='bbox 641 3140 655 3170; x_wconf 84' lang='lat'><em>,</em></span> <span class='ocrx_word' id='word_1_304' title='bbox 683 3098 870 3156; x_wconf 71' lang='lat' dir='ltr'>medietatem</span> <span class='ocrx_word' id='word_1_305' title='bbox 889 3106 973 3155; x_wconf 79' lang='lat' dir='ltr'>reeta</span> <span class='ocrx_word' id='word_1_306' title='bbox 992 3108 1022 3154; x_wconf 82' lang='lat' dir='ltr'>et</span> <span class='ocrx_word' id='word_1_307' title='bbox 1035 3098 1169 3156; x_wconf 78' lang='lat' dir='ltr'>roumda</span> <span class='ocrx_word' id='word_1_308' title='bbox 1182 3098 1296 3177; x_wconf 51' lang='grc' dir='ltr'>νεὸηιὶα</span> 
     </span>
     <span class='ocr_line' id='line_1_35' title="bbox 185 3179 1295 3263; baseline 0.002 -24"><span class='ocrx_word' id='word_1_309' title='bbox 185 3180 351 3255; x_wconf 79' lang='lat' dir='ltr'>dividente,</span> <span class='ocrx_word' id='word_1_310' title='bbox 373 3187 507 3263; x_wconf 87' lang='lat' dir='ltr'>primum</span> <span class='ocrx_word' id='word_1_311' title='bbox 522 3204 627 3245; x_wconf 57' lang='lat' dir='ltr'>cornui</span> <span class='ocrx_word' id='word_1_312' title='bbox 634 3185 671 3243; x_wconf 94' lang='lat' dir='ltr'>ab</span> <span class='ocrx_word' id='word_1_313' title='bbox 687 3202 741 3242; x_wconf 88' lang='lat' dir='ltr'>ora</span> <span class='ocrx_word' id='word_1_314' title='bbox 754 3179 905 3242; x_wconf 76' lang='lat' dir='ltr'>Thraciae</span> <span class='ocrx_word' id='word_1_315' title='bbox 917 3186 950 3240; x_wconf 88' lang='lat' dir='ltr'>in</span> <span class='ocrx_word' id='word_1_316' title='bbox 964 3186 1066 3262; x_wconf 75' lang='grc' dir='ltr'><strong><em>Κριοῦ</em></strong></span> <span class='ocrx_word' id='word_1_317' title='bbox 1077 3181 1222 3262; x_wconf 69' lang='grc' dir='ltr'>μέτωπον</span> <span class='ocrx_word' id='word_1_318' title='bbox 1237 3183 1295 3241; x_wconf 80' lang='lat' dir='ltr'>de·</span> 
     </span>
     <span class='ocr_line' id='line_1_36' title="bbox 184 3266 1293 3347; baseline 0.002 -22"><span class='ocrx_word' id='word_1_319' title='bbox 184 3268 302 3342; x_wconf 83' lang='lat' dir='ltr'>sinere,</span> <span class='ocrx_word' id='word_1_320' title='bbox 338 3268 410 3327; x_wconf 91' lang='lat' dir='ltr'>inde</span> <span class='ocrx_word' id='word_1_321' title='bbox 430 3271 554 3347; x_wconf 83' lang='lat' dir='ltr'>regulae</span> <span class='ocrx_word' id='word_1_322' title='bbox 572 3273 668 3329; x_wconf 83' lang='lat' dir='ltr'>instar</span> <span class='ocrx_word' id='word_1_323' title='bbox 690 3278 816 3327; x_wconf 85' lang='lat' dir='ltr'>extento</span> <span class='ocrx_word' id='word_1_324' title='bbox 838 3266 1019 3327; x_wconf 79' lang='lat' dir='ltr'>Cherronesi</span> <span class='ocrx_word' id='word_1_325' title='bbox 1037 3268 1139 3327; x_wconf 87' lang='lat' dir='ltr'>littore</span> <span class='ocrx_word' id='word_1_326' title='bbox 1161 3270 1293 3328; x_wconf 86' lang='lat' dir='ltr'>aiterum</span> 
     </span>
     <span class='ocr_line' id='line_1_37' title="bbox 183 3351 1292 3434; baseline 0.002 -23"><span class='ocrx_word' id='word_1_327' title='bbox 183 3370 279 3411; x_wconf 80' lang='lat' dir='ltr'>uornu</span> <span class='ocrx_word' id='word_1_328' title='bbox 291 3352 479 3431; x_wconf 86' lang='lat' dir='ltr'>aliquantum</span> <span class='ocrx_word' id='word_1_329' title='bbox 492 3375 581 3434; x_wconf 85' lang='lat' dir='ltr'>snpra</span> <span class='ocrx_word' id='word_1_330' title='bbox 589 3356 786 3415; x_wconf 81' lang='lat' dir='ltr'>cimmerium</span> <span class='ocrx_word' id='word_1_331' title='bbox 796 3356 965 3433; x_wconf 73' lang='lat' dir='ltr'>Bosporum</span> <span class='ocrx_word' id='word_1_332' title='bbox 975 3351 1121 3427; x_wconf 79' lang='lat' dir='ltr'>inchoari,</span> <span class='ocrx_word' id='word_1_333' title='bbox 1134 3354 1292 3413; x_wconf 85' lang='lat' dir='ltr'>indidem·</span> 
     </span>
     <span class='ocr_line' id='line_1_38' title="bbox 185 3436 1291 3520; baseline 0.003 -24"><span class='ocrx_word' id='word_1_334' title='bbox 185 3456 246 3519; x_wconf 90' lang='lat' dir='ltr'>que</span> <span class='ocrx_word' id='word_1_335' title='bbox 260 3438 364 3517; x_wconf 89' lang='lat' dir='ltr'>prooul</span> <span class='ocrx_word' id='word_1_336' title='bbox 378 3436 418 3497; x_wconf 89' lang='lat' dir='ltr'>ad</span> <span class='ocrx_word' id='word_1_337' title='bbox 432 3436 560 3499; x_wconf 80' lang='lat' dir='ltr'>Colchos</span> <span class='ocrx_word' id='word_1_338' title='bbox 574 3450 604 3499; x_wconf 88' lang='lat' dir='ltr'>et</span> <span class='ocrx_word' id='word_1_339' title='bbox 622 3438 737 3499; x_wconf 83' lang='lat' dir='ltr'>Phasin</span> <span class='ocrx_word' id='word_1_340' title='bbox 749 3459 846 3520; x_wconf 83' lang='lat' dir='ltr'>usque</span> <span class='ocrx_word' id='word_1_341' title='bbox 858 3442 983 3519; x_wconf 82' lang='lat' dir='ltr'>porrigi,</span> <span class='ocrx_word' id='word_1_342' title='bbox 1005 3439 1194 3499; x_wconf 84' lang='lat' dir='ltr'>Maeotidem</span> <span class='ocrx_word' id='word_1_343' title='bbox 1203 3460 1291 3519; x_wconf 91' lang='lat' dir='ltr'>porro</span> 
     </span>
     <span class='ocr_line' id='line_1_39' title="bbox 182 3523 1291 3605; baseline 0 -22"><span class='ocrx_word' id='word_1_344' title='bbox 182 3526 306 3585; x_wconf 71' lang='lat' dir='ltr'>lumino</span> <span class='ocrx_word' id='word_1_345' title='bbox 318 3525 415 3584; x_wconf 86' lang='lat' dir='ltr'>Ponto</span> <span class='ocrx_word' id='word_1_346' title='bbox 428 3544 550 3605; x_wconf 85' lang='lat' dir='ltr'>prorsus</span> <span class='ocrx_word' id='word_1_347' title='bbox 562 3523 602 3584; x_wconf 85' lang='lat' dir='ltr'>ad</span> <span class='ocrx_word' id='word_1_348' title='bbox 614 3528 849 3605; x_wconf 77' lang='lat' dir='ltr'>septentrionem</span> <span class='ocrx_word' id='word_1_349' title='bbox 860 3523 1056 3584; x_wconf 70' lang='lat' dir='ltr'>incumberet</span> <span class='ocrx_word' id='word_1_350' title='bbox 1093 3544 1174 3605; x_wconf 84' lang='lat' dir='ltr'>quae</span> <span class='ocrx_word' id='word_1_351' title='bbox 1190 3529 1291 3583; x_wconf 83' lang='lat' dir='ltr'>omnia</span> 
     </span>
     <span class='ocr_line' id='line_1_40' title="bbox 183 3607 1291 3692; baseline 0.001 -24"><span class='ocrx_word' id='word_1_352' title='bbox 183 3620 343 3688; x_wconf 88' lang='lat' dir='ltr'>poetarum</span> <span class='ocrx_word' id='word_1_353' title='bbox 354 3610 594 3691; x_wconf 82' lang='lat' dir='ltr'>elegantissimus</span> <span class='ocrx_word' id='word_1_354' title='bbox 609 3613 773 3691; x_wconf 82' lang='lat' dir='ltr'>Dionysius</span> <span class='ocrx_word' id='word_1_355' title='bbox 796 3608 817 3674; x_wconf 80' lang='lat' dir='ltr'>d</span> <span class='ocrx_word' id='word_1_356' title='bbox 834 3607 1018 3692; x_wconf 65' lang='grc' dir='ltr'><em>περιηγητής</em></span> <span class='ocrx_word' id='word_1_357' title='bbox 1036 3614 1136 3670; x_wconf 85' lang='lat' dir='ltr'>aureis</span> <span class='ocrx_word' id='word_1_358' title='bbox 1153 3612 1291 3669; x_wconf 79' lang='lat' dir='ltr'>versibus</span> 
     </span>
    </p>

    <p class='ocr_par' dir='ltr' id='par_1_4' title="bbox 93 3695 1290 4295">
     <span class='ocr_line' id='line_1_41' title="bbox 93 3695 1289 3779; baseline 0.001 -26"><span class='ocrx_word' id='word_1_359' title='bbox 93 3706 116 3760; x_wconf 83' lang='grc' dir='ltr'>Ρ</span> <span class='ocrx_word' id='word_1_360' title='bbox 132 3706 169 3764; x_wconf 83' lang='grc'>77</span> <span class='ocrx_word' id='word_1_361' title='bbox 186 3698 305 3755; x_wconf 80' lang='lat' dir='ltr'>cecinit.</span> <span class='ocrx_word' id='word_1_362' title='bbox 349 3698 466 3779; x_wconf 87' lang='lat' dir='ltr'>reliqua</span> <span class='ocrx_word' id='word_1_363' title='bbox 491 3696 573 3777; x_wconf 85' lang='lat' dir='ltr'>apud</span> <span class='ocrx_word' id='word_1_364' title='bbox 594 3696 726 3757; x_wconf 88' lang='lat' dir='ltr'>eundern</span> <span class='ocrx_word' id='word_1_365' title='bbox 738 3698 936 3757; x_wconf 82' lang='lat' dir='ltr'>Ammiauum</span> <span class='ocrx_word' id='word_1_366' title='bbox 952 3716 1015 3755; x_wconf 89' lang='lat' dir='ltr'>nou</span> <span class='ocrx_word' id='word_1_367' title='bbox 1031 3698 1133 3755; x_wconf 87' lang='lat' dir='ltr'>minue</span> <span class='ocrx_word' id='word_1_368' title='bbox 1151 3695 1289 3769; x_wconf 74' lang='lat' dir='ltr'>ridicula,</span> 
     </span>
     <span class='ocr_line' id='line_1_42' title="bbox 185 3780 1290 3863; baseline 0.001 -25"><span class='ocrx_word' id='word_1_369' title='bbox 185 3780 270 3839; x_wconf 82' lang='lat' dir='ltr'>velut</span> <span class='ocrx_word' id='word_1_370' title='bbox 282 3800 351 3840; x_wconf 89' lang='lat' dir='ltr'>oum</span> <span class='ocrx_word' id='word_1_371' title='bbox 366 3784 536 3843; x_wconf 80' lang='lat' dir='ltr'>aGarambi</span> <span class='ocrx_word' id='word_1_372' title='bbox 549 3787 753 3863; x_wconf 88' lang='lat' dir='ltr'>promontorio</span> <span class='ocrx_word' id='word_1_373' title='bbox 767 3786 950 3842; x_wconf 84' lang='lat' dir='ltr'>maritimam</span> <span class='ocrx_word' id='word_1_374' title='bbox 964 3802 1065 3854; x_wconf 88' lang='lat' dir='ltr'>oram,</span> <span class='ocrx_word' id='word_1_375' title='bbox 1093 3786 1180 3840; x_wconf 84' lang='lat' dir='ltr'>ouius</span> <span class='ocrx_word' id='word_1_376' title='bbox 1195 3782 1290 3860; x_wconf 84' lang='lat' dir='ltr'>Halys</span> 
     </span>
     <span class='ocr_line' id='line_1_43' title="bbox 184 3866 1288 3950; baseline -0.002 -25"><span class='ocrx_word' id='word_1_377' title='bbox 184 3869 308 3925; x_wconf 87' lang='lat' dir='ltr'>initium</span> <span class='ocrx_word' id='word_1_378' title='bbox 321 3880 375 3943; x_wconf 86' lang='lat' dir='ltr'>est,</span> <span class='ocrx_word' id='word_1_379' title='bbox 397 3872 483 3929; x_wconf 87' lang='lat' dir='ltr'>nerri</span> <span class='ocrx_word' id='word_1_380' title='bbox 496 3873 630 3950; x_wconf 84' lang='lat' dir='ltr'>speeiem</span> <span class='ocrx_word' id='word_1_381' title='bbox 643 3868 789 3927; x_wconf 88' lang='lat' dir='ltr'>exhibere</span> <span class='ocrx_word' id='word_1_382' title='bbox 803 3866 877 3927; x_wconf 88' lang='lat' dir='ltr'>dioit</span> <span class='ocrx_word' id='word_1_383' title='bbox 892 3867 1009 3927; x_wconf 83' lang='lat' dir='ltr'>duabus</span> <span class='ocrx_word' id='word_1_384' title='bbox 1023 3888 1111 3928; x_wconf 82' lang='lat' dir='ltr'>arnus</span> <span class='ocrx_word' id='word_1_385' title='bbox 1127 3868 1288 3926; x_wconf 82' lang='lat' dir='ltr'>summita-</span> 
     </span>
     <span class='ocr_line' id='line_1_44' title="bbox 184 3950 1287 4037; baseline -0.001 -27"><span class='ocrx_word' id='word_1_386' title='bbox 184 3950 266 4011; x_wconf 84' lang='lat' dir='ltr'>tibus</span> <span class='ocrx_word' id='word_1_387' title='bbox 286 3955 444 4033; x_wconf 85' lang='lat' dir='ltr'>impiioati.</span> <span class='ocrx_word' id='word_1_388' title='bbox 487 3958 571 4037; x_wconf 89' lang='lat' dir='ltr'>atqui</span> <span class='ocrx_word' id='word_1_389' title='bbox 593 3956 683 4035; x_wconf 88' lang='lat' dir='ltr'>longe</span> <span class='ocrx_word' id='word_1_390' title='bbox 704 3964 774 4013; x_wconf 85' lang='lat' dir='ltr'>ante</span> <span class='ocrx_word' id='word_1_391' title='bbox 787 3954 948 4014; x_wconf 79' lang='lat' dir='ltr'>Carambin</span> <span class='ocrx_word' id='word_1_392' title='bbox 966 3956 1020 4013; x_wconf 87' lang='lat' dir='ltr'>ilie</span> <span class='ocrx_word' id='word_1_393' title='bbox 1039 3972 1152 4013; x_wconf 77' lang='lat' dir='ltr'>nervus</span> <span class='ocrx_word' id='word_1_394' title='bbox 1170 3956 1287 4032; x_wconf 83' lang='lat' dir='ltr'>ineipit,</span> 
     </span>
     <span class='ocr_line' id='line_1_45' title="bbox 185 4038 1287 4121; baseline 0.002 -28"><span class='ocrx_word' id='word_1_395' title='bbox 185 4054 286 4115; x_wconf 79' lang='lat' dir='ltr'>neque</span> <span class='ocrx_word' id='word_1_396' title='bbox 302 4040 397 4119; x_wconf 82' lang='lat' dir='ltr'>Halys</span> <span class='ocrx_word' id='word_1_397' title='bbox 410 4041 520 4101; x_wconf 82' lang='lat' dir='ltr'>fluvius</span> <span class='ocrx_word' id='word_1_398' title='bbox 534 4042 564 4099; x_wconf 89' lang='lat' dir='ltr'>ei</span> <span class='ocrx_word' id='word_1_399' title='bbox 578 4042 782 4121; x_wconf 87' lang='lat' dir='ltr'>promontorio</span> <span class='ocrx_word' id='word_1_400' title='bbox 800 4038 876 4099; x_wconf 80' lang='lat' dir='ltr'>adeo</span> <span class='ocrx_word' id='word_1_401' title='bbox 890 4042 1007 4099; x_wconf 86' lang='lat' dir='ltr'>rioinue</span> <span class='ocrx_word' id='word_1_402' title='bbox 1022 4049 1079 4098; x_wconf 83' lang='lat' dir='ltr'>est.</span> <span class='ocrx_word' id='word_1_403' title='bbox 1119 4039 1210 4097; x_wconf 87' lang='lat' dir='ltr'>mitto</span> <span class='ocrx_word' id='word_1_404' title='bbox 1229 4039 1287 4095; x_wconf 82' lang='lat' dir='ltr'>aiis</span> 
     </span>
     <span class='ocr_line' id='line_1_46' title="bbox 184 4120 1287 4207; baseline 0.005 -31"><span class='ocrx_word' id='word_1_405' title='bbox 184 4136 337 4200; x_wconf 84' lang='lat' dir='ltr'>peraeque</span> <span class='ocrx_word' id='word_1_406' title='bbox 350 4123 479 4200; x_wconf 87' lang='lat' dir='ltr'>absona,</span> <span class='ocrx_word' id='word_1_407' title='bbox 509 4128 633 4207; x_wconf 87' lang='lat' dir='ltr'>quaein</span> <span class='ocrx_word' id='word_1_408' title='bbox 650 4124 711 4185; x_wconf 85' lang='lat' dir='ltr'>hae</span> <span class='ocrx_word' id='word_1_409' title='bbox 722 4126 814 4185; x_wconf 88' lang='lat' dir='ltr'>Ponti</span> <span class='ocrx_word' id='word_1_410' title='bbox 828 4134 860 4184; x_wconf 85' lang='lat' dir='ltr'>et</span> <span class='ocrx_word' id='word_1_411' title='bbox 872 4128 905 4185; x_wconf 92' lang='lat' dir='ltr'>in</span> <span class='ocrx_word' id='word_1_412' title='bbox 918 4127 1050 4206; x_wconf 76' lang='lat' dir='ltr'>Aegypti</span> <span class='ocrx_word' id='word_1_413' title='bbox 1068 4120 1287 4203; x_wconf 84' lang='lat' dir='ltr'>ohorogrsphia</span> 
     </span>
     <span class='ocr_line' id='line_1_47' title="bbox 187 4204 1288 4295; baseline 0.006 -36"><span class='ocrx_word' id='word_1_414' title='bbox 187 4212 218 4261; x_wconf 83' lang='lat' dir='ltr'>et</span> <span class='ocrx_word' id='word_1_415' title='bbox 229 4204 260 4261; x_wconf 87' lang='lat' dir='ltr'>in</span> <span class='ocrx_word' id='word_1_416' title='bbox 272 4206 340 4268; x_wconf 81' lang='lat' dir='ltr'>aliis</span> <span class='ocrx_word' id='word_1_417' title='bbox 350 4208 445 4271; x_wconf 82' lang='lat' dir='ltr'>ferme</span> <span class='ocrx_word' id='word_1_418' title='bbox 458 4212 598 4274; x_wconf 86' lang='lat' dir='ltr'>omnibus</span> <span class='ocrx_word' id='word_1_419' title='bbox 610 4213 796 4274; x_wconf 79' lang='lat' dir='ltr'>committere</span> <span class='ocrx_word' id='word_1_420' title='bbox 806 4212 894 4273; x_wconf 80' lang='lat' dir='ltr'>solet.</span> <span class='ocrx_word' id='word_1_421' title='bbox 915 4220 1006 4295; x_wconf 83' lang='lat' dir='ltr'>atque</span> <span class='ocrx_word' id='word_1_422' title='bbox 1019 4222 1107 4271; x_wconf 82' lang='lat' dir='ltr'>utex</span> <span class='ocrx_word' id='word_1_423' title='bbox 1119 4206 1288 4288; x_wconf 77' lang='lat' dir='ltr'>Theopha-</span> 
     </span>
    </p>
   </div>
   <div class='ocr_carea' id='block_1_3' title="bbox 0 0 1400 4709">
    <p class='ocr_par' dir='ltr' id='par_1_5' title="bbox 0 0 1400 4709">
     <span class='ocr_line' id='line_1_48' title="bbox 0 0 1400 4709; baseline 0 6"><span class='ocrx_word' id='word_1_424' title='bbox 0 0 1400 4709; x_wconf 95' lang='lat' dir='ltr'> </span> 
     </span>
    </p>
   </div>
  </div>
 </body>
</html>
