2792 4709
216 194 290 271 tto
648 200 710 268 Dii
735 197 874 268 GliiGll

213 362 346 426 conchae
358 362 492 424 marinae
502 362 614 443 ligatu
642 384 736 447 quem
749 366 928 447 effingebat,
949 382 1061 425 nomen
1075 375 1121 426 est
1137 366 1259 444 sortita,
1287 378 1328 427 ut

214 462 318 513 auctor
330 462 376 510 est
388 452 576 511 silentiarius
589 470 620 511 ι
634 454 716 515 226:
1371 462 1372 465 ’

338 530 449 643 κόγχας
461 540 554 597 ταῦτα
567 532 687 618 sicone
702 534 794 645 copul
809 532 966 618 τιχνήμονι
973 530 1072 645 μα’θμ

342 616 449 702 ccciccc
459 615 646 702 ηνδαξανιο
673 619 755 688 ett’
770 618 903 729 dspexit,
927 616 1017 684 eie'’
997 620 1059 685 cord
1075 614 1189 705 κόγχου

342 707 477 770 εἰναλίου
490 706 631 770 καλέουσι
645 703 796 790 δαήμονες
814 702 903 771 cis''
883 730 943 771 αιιο
936 702 1073 789 τέχνης,

343 786 432 855 edroi
444 814 505 855 που
518 786 653 855 διδόασι

216 878 260 937 ita
273 896 361 957 porro
378 878 476 936 efficta
490 887 553 936 erat
566 876 679 935 concha
692 876 864 958 Sophiane,
894 886 928 935 nt
948 878 1004 937 etsi
1016 879 1105 937 unica
1118 896 1247 958 superne
1262 898 1329 959 ap-

161 990 166 999 ·
218 976 353 1043 pareret,
375 966 469 1023 trinos
483 972 585 1021 tamen
599 983 733 1023 recessus
749 965 877 1043 operiret
891 980 926 1020 ac
938 963 1063 1042 proinde
1078 964 1230 1045 triplicem
1244 986 1328 1025 con-

219 1048 308 1109 cham
320 1049 461 1109 efficeret.
503 1049 692 1108 silentiarius
707 1059 783 1155 part.
799 1051 861 1111 iv.
877 1050 957 1111 272:

345 1131 388 1208 uic
403 1133 426 1236 ci
439 1131 493 1214 μιν
506 1126 705 1213 βαθύκολπος
717 1125 927 1197 α’νέοσυται”
890 1156 959 1215 ηερι
976 1126 1078 1215 κόγχη,

344 1214 473 1296 ὑψόθεν
489 1215 672 1282 ἀντέλλουσα
688 1220 759 1300 μία,
780 1224 926 1303 scintulos
940 1214 973 1282 di
989 1216 1112 1294 κόλποις

346 1304 457 1384 νέρθεν
469 1303 681 1385 ιιιιμβιβααῖα.

219 1398 252 1447 et
267 1408 357 1448 versu
369 1390 434 1446 iam
445 1386 585 1448 laudato:

346 1491 451 1575 scacos
443 1470 520 1553 pir
531 1470 697 1539 inolescis
710 1466 914 1536 ἀναπέπταται
926 1470 1011 1535 ἔνδιοι
1024 1471 1135 1553 τοίχων

222 1645 276 1702 ubi
289 1552 505 1703 candidildddld
514 1570 644 1718 ddierne,
666 1662 720 1702 seu
735 1642 790 1701 sub
803 1638 933 1701 conchae
946 1642 1148 1719 volutatione,
1173 1651 1233 1702 tres
1250 1662 1330 1702 con-

222 1727 294 1788 chas
311 1732 471 1806 contineri,
501 1748 579 1809 quae
600 1731 689 1787 unica
705 1725 849 1807 sphaerae
864 1736 968 1808 quarta
981 1737 1064 1806 parte
1080 1728 1273 1788 continentur
1291 1750 1331 1787 ac

221 1826 431 1894 conteguntur.
485 1817 582 1875 trinos
617 1815 690 1874 istos
723 1832 858 1872 recessus
885 1812 965 1871 belle
992 1810 1149 1894 descripsit
1175 1815 1330 1874 Paulinus

219 1902 288 1961 Nat.
307 1902 363 1965 10:

386 1982 947 2043 otmmuemnummun'etn
962 1981 1038 2041 aulo

385 2072 477 2128 ἰιιιίιιι
490 2069 568 2128 cella
574 2066 699 2147 promel,
722 2066 889 2147 quusifilc'a
902 2066 1043 2127 culminis
1056 2070 1133 2139 ciue,

386 2155 504 2213 stellato
514 2156 646 2233 spctebeu
661 2156 746 2225 sinu,
767 2152 903 2233 trinoque
914 2172 1030 2212 recessu

387 2240 539 2319 dispositis
551 2242 674 2297 οιίιιιαια
688 2238 772 2295 lucra

223 2334 256 2384 et
268 2324 365 2403 Epist.
385 2326 426 2388 12
440 2324 479 2384 ad
491 2326 655 2385 Severum:
671 2332 849 2402 prospectus
863 2344 932 2384 vero
947 2322 1110 2393 imilicue,
1132 2340 1194 2381 ιιοιι
1211 2332 1248 2379 ιιι
1262 2323 1333 2380 nei-

224 2412 316 2469 tatur
326 2430 390 2468 mcc
402 2422 458 2482 eet,
478 2411 533 2469 aed
547 2410 592 2469 ad
603 2411 718 2469 clorrrt'ut¹
737 2412 797 2467 mei
810 2410 999 2491 beutifilieia
1015 2408 1173 2467 haedinam
1180 2408 1332 2484 periuret,

225 2498 399 2554 memorum
420 2499 483 2555 αιίιο
503 2499 671 2575 aspiciens:
702 2504 803 2553 tamen
827 2516 896 2555 cum
916 2494 1035 2554 umbus
1054 2493 1143 2553 laeva
1164 2494 1334 2572 dextraque

225 2581 381 2639 conchulis
393 2584 475 2639 intra
486 2585 652 2661 spatt'oaum
662 2583 712 2639 sui
724 2580 871 2641 ambitium
883 2582 966 2660 apsis
975 2582 1097 2639 sinuata
1109 2579 1240 2648 laretrtr,
1265 2600 1333 2636 una

225 2686 331 2724 samm
349 2667 519 2725 ἰιιιιιιοὶαιιιὶ
540 2667 653 2725 boenas
677 2666 864 2725 ιἰιῠίὶαιέοιιὶο
879 2668 1006 2724 antistiti
1021 2674 1121 2743 patet,
1149 2665 1247 2721 altera
1255 2674 1335 2741 post

225 2750 409 2809 sacerdotem
422 2754 531 2829 capaci
543 2754 613 2811 οἰιιιι
626 2762 757 2829 receptat
770 2762 902 2811 ovantes.
946 2752 1097 2831 triplicem
1118 2752 1211 2829 igitur
1228 2768 1335 2807 reces-

227 2854 297 2894 sum
310 2833 416 2894 babuit
434 2834 548 2894 concha
561 2837 616 2895 sub
630 2834 738 2895 eedem
752 2838 1023 2911 concameratione,
1050 2838 1196 2895 maiorem
1215 2846 1244 2893 et
1261 2854 1335 2892 me-

229 2918 331 2995 dium,
355 2922 388 2978 iu
405 2938 464 3001 quo
479 2930 543 2978 erat
558 2940 642 2979 sacra
653 2940 760 2979 mensa
773 2932 803 2979 et
816 2921 1004 2981 sacerdotum
1016 2920 1103 2981 sedes
1119 2940 1173 2979 seu
1186 2918 1335 2999 synthro-

228 3024 303 3081 nus,
325 3002 401 3066 duos
415 3016 568 3084 praeterea
584 3008 660 3065 alios
674 3009 822 3082 minores,
852 3008 979 3065 aiterum
1002 3006 1041 3065 ad
1057 3006 1194 3065 dextram
1210 3024 1267 3064 seu
1281 3026 1335 3063 se-

228 3094 438 3171 ptentrionem,
453 3110 544 3172 quem
558 3090 725 3171 prothesim
736 3094 893 3165 vocabant,
914 3094 1041 3150 aiterum
1053 3092 1092 3149 ad
1109 3094 1262 3151 sinistram
1277 3110 1334 3148 seu

228 3176 396 3251 meridiem,
418 3176 607 3235 diaconicum
620 3180 814 3257 appeliatum,
837 3180 881 3235 uti
897 3196 972 3235 mox
986 3176 1188 3235 ostendemus.
1220 3194 1335 3255 quem-

229 3260 395 3320 admodum
410 3272 513 3319 autem
527 3273 557 3320 et
569 3281 661 3342 quare
674 3263 787 3341 triplex
800 3260 914 3321 concha
928 3263 1024 3321 efficta
1035 3263 1136 3336 fuerit,
1153 3265 1196 3320 sic
1207 3272 1335 3319 nunant

228 3350 373 3426 postremi
385 3350 452 3453 aevi
464 3348 614 3405 Graeculi.
645 3346 768 3406 tradunt
783 3350 894 3429 quippe
911 3346 1086 3407 architectos
1100 3366 1219 3407 sacrum
1230 3347 1334 3419 bema,

228 3450 284 3491 seu
299 3435 399 3511 potius
414 3454 448 3494 so
465 3426 553 3513 ἅγιον
564 3428 794 3512 θυσιαστήριον,
815 3432 874 3491 hoc
887 3442 932 3493 est
946 3452 1013 3491 eam
1027 3434 1155 3491 bematis
1168 3434 1308 3512 partem*
1300 3450 1335 3488 un

229 3536 292 3599 qua
307 3519 400 3575 altare
414 3520 506 3576 statui
518 3519 605 3593 solet,
628 3516 833 3577 aedificaturos
847 3517 885 3578 de
899 3520 1035 3577 lumine
1026 3539 1059 3577 ιιι
1073 3517 1150 3577 iilud
1163 3519 1336 3575 immitten-

229 3600 297 3661 do
288 3604 419 3660 invicem
441 3601 639 3679 deliberasse,
672 3623 708 3661 ac
731 3607 863 3683 pslmum
885 3603 1009 3685 quidem
1033 3608 1155 3662 unicam
1175 3600 1334 3676 concham,

231 3686 439 3767 quampiam
454 3686 666 3768 μονοκάλαμον
680 3700 803 3762 vocant,
832 3691 883 3748 vei
901 3692 990 3748 unius
1007 3692 1135 3762 tenoris,
1163 3708 1218 3767 per
1240 3706 1335 3767 quam

230 3774 288 3833 lux
300 3770 522 3848 admitteretur,
551 3774 695 3833 conficere
711 3778 863 3833 statuisse:
886 3778 1073 3855 praecepisse
1086 3792 1155 3832 vero
1167 3777 1336 3851 imperato-

231 3878 297 3917 rem
318 3858 381 3939 (ita
401 3861 483 3916 anun
506 3856 659 3938 eodinus)
684 3859 837 3939 duplicem
856 3860 1026 3919 aedificari:
1062 3878 1168 3917 verum
1190 3859 1334 3915 restitisse

232 3942 420 4017 architectos,
432 3940 513 4024 quod
524 3947 608 4005 iocus
622 3946 674 4003 ilie
687 3947 781 4005 nuliis
795 3947 992 4005 exterioribus
1007 3944 1147 4005 suffultus
1161 3952 1241 4002 esset
1252 3943 1334 4021 lapi-

233 4027 299 4087 deis
312 4030 513 4104 fulcimentis,
547 4048 582 4087 ac
601 4029 727 4110 proinde
744 4033 928 4090 incumbenti
945 4034 1028 4090 oneri
1043 4027 1168 4089 ferendo
1183 4026 1266 4086 haud
1279 4046 1334 4107 par

233 4124 324 4173 esset.
368 4134 496 4195 cumque
509 4116 615 4173 incerti
629 4114 703 4196 quid
718 4128 841 4194 agerent
854 4126 1005 4177 renerent
1020 4119 1173 4190 animum,
1198 4113 1333 4192 impera-

233 4208 300 4259 tore
315 4204 491 4280 praeaertim
503 4200 636 4262 nonsibi
650 4210 825 4279 constante,
846 4200 1023 4284 dicenteque
1039 4196 1192 4260 inter-diam
1209 4201 1335 4259 unicum
