2792 4709
205 156 303 231 iso
392 158 566 243 nomon
585 156 643 223 nn
660 110 923 223 imncnnon
942 150 1157 220 ιιοιιιιιιιι.

229 322 438 399 constituerat,
465 332 500 381 nt
520 340 560 381 ex
575 317 706 380 secunda
722 320 834 377 acroasi
848 328 930 397 patet
946 316 1127 377 clarissima:
1152 318 1200 375 ita
1217 326 1257 375 ιιι
1277 317 1342 375 sire

228 410 321 468 finem
332 411 430 490 operis
440 419 558 487 ¹spectes
569 411 633 467 sive
643 416 777 465 mentem
791 406 965 479 scribentis,
986 422 1126 482 praesens
1139 406 1341 483 potimtion,

228 496 262 553 in
282 514 342 575 quo
363 495 494 553 Heraclii
514 495 577 551 vita
595 492 783 563 oosomsrnie
801 493 983 563 continetur,
1019 488 1237 569 qualecunque
1262 487 1342 545 illnd

228 579 351 639 tandem
365 582 421 653 sit,
447 596 509 637 non
521 579 670 637 immerito
680 574 882 635 Heracliodoe
894 574 980 633 titulo
994 575 1182 652 praefulgeat
1200 576 1342 651 insigni-

228 676 304 723 tnm.
348 675 481 723 ceterum
499 681 538 721 ne
560 664 633 723 satis
652 660 777 742 quidem
791 659 929 719 distinete
944 669 974 719 et
988 660 1161 733 enucleate,
1196 678 1289 739 qnae
1307 657 1343 715 ad

229 748 345 809 cledem
359 752 459 829 ipsam
470 767 636 828 necemque
651 744 800 806 (lhosroae
815 754 968 823 spectant,
990 744 1077 803 nobis
1092 756 1218 803 enarrat
1233 750 1343 823 poeta,

228 836 366 914 quamvis
384 854 446 893 non
467 834 527 894 alio
545 834 648 892 forsan
668 830 760 890 modo
772 830 848 889 haec
862 832 926 909 ipsa
939 840 1118 908 pertractare
1129 833 1161 887 ei
1177 832 1342 907 integrum

229 920 298 977 tuit.
341 938 402 978 non
416 921 499 977 enim
515 920 568 977 ille
581 916 730 977 secundae
743 924 777 975 ut
792 919 908 995 primae
920 914 1120 994 expeditionis
1135 915 1176 973 ab
1189 916 1344 973 Heraclio

230 1014 401 1083 assumptos
416 1023 516 1063 comes
532 1014 594 1077 est,
619 1021 676 1061 nec
696 1005 768 1061 satis
789 1004 907 1082 patiens
924 1020 1025 1060 morae
1043 1000 1119 1074 init,
1149 1011 1186 1059 ιιι
1200 998 1343 1059 reditum

229 1090 417 1168 imperatoris
435 1098 631 1169 exspectaret,
654 1107 672 1146 a
688 1106 748 1168 quo
764 1098 798 1145 nt
812 1098 895 1145 actae
909 1106 956 1145 res
970 1096 1068 1145 essent
1079 1087 1172 1145 facile
1186 1088 1343 1165 potuisset
1371 1138 1372 1165 ,

230 1173 404 1247 addiscere3
432 1172 487 1234 sed
505 1185 540 1232 nt
558 1177 690 1253 primum
711 1176 850 1230 nuntium
873 1170 910 1229 de
925 1169 1074 1231 Ghosroae
1093 1181 1192 1229 morte
1214 1173 1341 1249 cpolim
1371 1166 1372 1255 i

231 1258 366 1319 adlatum
381 1270 436 1333 est,
457 1263 558 1319 stetim
574 1262 690 1338 ingenti
706 1260 820 1317 laetitia
832 1258 971 1337 perfusus
987 1268 1016 1315 et
1027 1260 1143 1336 poetico
1158 1258 1269 1315 furore
1287 1257 1342 1313 ab·
1371 1256 1372 1319 i

156 1348 171 1375 ³
230 1356 333 1424 reptos
347 1344 403 1406 hos
414 1347 540 1419 iambos,
555 1356 589 1403 nt
602 1343 730 1417 ridetur,
752 1340 841 1417 fudit,
862 1343 987 1402 fortasse
1001 1346 1092 1401 etism
1105 1341 1146 1400 ad
1158 1344 1343 1400 Heraclium

230 1433 322 1503 misit,
344 1441 378 1488 nt
392 1432 420 1488 ei
434 1450 494 1511 qna
507 1441 623 1509 poterat
637 1432 752 1488 ratione
769 1430 889 1487 obviem
903 1431 969 1501 iret,
985 1438 1015 1486 et
1028 1446 1081 1506 pro
1095 1448 1128 1485 re
1141 1438 1209 1485 tam
1224 1445 1343 1505 magna

232 1526 263 1574 et
277 1526 341 1573 tam
356 1516 483 1574 feliciter
496 1527 581 1596 geste
594 1534 655 1574 non
668 1516 793 1573 ιιΙιὶιιιιιι
806 1516 918 1573 civium
930 1514 1140 1592 gratidnretur.
1163 1512 1253 1593 quod
1269 1514 1343 1593 qui·

231 1598 303 1657 dem
319 1620 360 1657 ex
377 1601 416 1658 iis
431 1620 508 1681 qnae
523 1604 665 1680 leguntur
678 1603 711 1659 in
726 1600 785 1657 fine
799 1602 914 1678 primae
928 1617 1082 1658 acroaseos
1098 1598 1248 1677 colligere
1262 1596 1343 1655 mihi
1371 1582 1372 1651 Ὗ

231 1683 337 1743 videor
349 1703 456 1764 posse:
477 1688 522 1744 ibi
535 1689 617 1745 enim
631 1684 739 1744 dubius
754 1696 784 1743 et
795 1683 921 1743 haerens
936 1682 1009 1764 quid
1023 1686 1166 1762 primum,
1191 1684 1273 1765 quid
1286 1682 1342 1740 de-

231 1768 304 1828 inde
319 1768 439 1843 diceret,
454 1790 555 1829 rerum
568 1790 693 1829 numero
711 1782 741 1829 et
754 1768 887 1849 pondere
900 1771 1023 1830 obrutus
1038 1779 1068 1827 et
1082 1789 1207 1848 pressus
1217 1790 1237 1827 a
1249 1790 1341 1849 prae-
1371 1782 1372 1845 ζ

231 1854 281 1914 liis
296 1853 499 1915 describendis
512 1856 570 1914 sibi
585 1858 617 1912 in
632 1858 801 1933 praesentio
814 1852 1026 1915 abstinendum
1038 1874 1103 1913 esse
1115 1854 1267 1929 decernit,
1288 1874 1342 1912 us-
1371 1860 1372 1923 J

232 1939 367 2021 quodum
386 1944 548 2021 imperator
559 1943 740 2020 Byzantium
763 1960 899 2001 reversus
921 1960 986 1999 rem
1006 1960 1129 2001 omnem
1149 1940 1278 2013 ordine,
1309 1950 1341 1996 nt

233 2025 348 2084 fectum
362 2038 449 2100 esset,
472 2028 617 2105 operiret,
640 2036 669 2084 et
683 2024 908 2104 impedimentis
924 2024 1163 2106 adloquendum
1175 2028 1340 2085 summotis
1371 2038 1372 2097 ᾗ

234 2112 351 2170 animos
364 2114 476 2169 civium
488 2109 527 2170 ad
541 2110 733 2171 scribendum
746 2114 906 2184 excitaret,
929 2132 960 2170 v·
975 2114 1048 2175 288.
1093 2122 1185 2191 atque
1201 2111 1279 2169 inde
1296 2120 1340 2166 et-

232 2196 313 2268 iam,
336 2206 483 2276 qnantum
494 2199 664 2256 coniectura
678 2199 822 2277 consequi
836 2216 976 2276 possum,
997 2194 1101 2255 Pisida
1114 2196 1153 2256 de
1171 2194 1233 2255 hoc
1247 2214 1339 2273 argu·
1371 2222 1372 2255 2

231 2290 334 2341 mento
346 2283 465 2359 plenius
480 2293 509 2341 et
520 2284 631 2342 melius
641 2280 850 2363 pertractando
864 2285 927 2341 iam
939 2293 1011 2340 tuuc
1025 2280 1156 2355 videtur,
1179 2300 1253 2339 oum
1265 2280 1339 2339 haee

232 2367 384 2442 scriberet,
406 2372 562 2447 cogitasse.
606 2380 637 2427 at
649 2372 677 2427 si
692 2372 851 2447 cogitavit,
872 2371 905 2427 in
919 2364 1002 2425 aliud
1016 2366 1205 2426 commodius
1218 2378 1338 2445 tempus

232 2470 297 2509 rem
315 2463 395 2511 certe
415 2452 542 2513 distulit.
584 2456 765 2533 praestiterit
785 2465 887 2512 autem
906 2472 1003 2513 neone
1020 2450 1103 2533 qnod
1125 2455 1159 2510 in
1182 2454 1289 2511 animo
1313 2453 1337 2507 ei

232 2535 346 2597 sedisse
359 2541 495 2613 coniioio,
513 2560 576 2598 non
592 2543 688 2598 ausim
703 2538 880 2613 adfinnare3
903 2542 1041 2617 quamvis
1054 2540 1244 2617 praestitisse
1257 2538 1337 2595 arbi-
1371 2560 1372 2607 ι

231 2632 304 2694 ιισι,
327 2633 357 2680 et
371 2626 445 2702 quia
457 2625 544 2702 plura
559 2636 630 2682 sunt
644 2626 822 2703 fragmenta,
846 2642 923 2704 qnae
937 2622 1008 2681 hnio
1021 2635 1198 2703 orgmnento
1215 2622 1339 2703 quidem
1371 2632 1372 2669 ἲ

232 2710 428 2782 conveniunt,
461 2706 516 2766 sed
538 2727 615 2788 quoe
634 2708 674 2767 nd
695 2708 754 2768 hoo
773 2712 947 2789 poemation
967 2709 1078 2768 referre
1091 2712 1165 2768 satis
1180 2706 1340 2766 commode

233 2809 294 2849 non
308 2792 415 2869 possis.
459 2796 544 2851 ouius
566 2796 611 2851 rei
630 2814 735 2853 eorum
754 2806 817 2854 esto
839 2793 1005 2869 indicium,
1034 2814 1109 2875 quos
1129 2792 1254 2852 Pisidae
1278 2794 1338 2848 sra-

233 2886 355 2953 gmenta
370 2874 411 2934 ad
424 2878 537 2935 calcem
552 2882 651 2957 operis
671 2882 705 2937 in
721 2898 816 2937 unum
832 2899 851 2938 a
863 2881 949 2939 nobis
965 2888 1148 2959 comportata
1161 2880 1299 2937 conferre
1312 2886 1338 2932 et

179 3035 185 3047 .
232 2960 405 3039 expendere
417 2982 480 3022 non
493 2964 618 3042 pigebit.
662 2976 777 3023 cer-nim
791 2967 899 3043 igitur,
929 2963 1108 3045 fimumque
1129 2964 1169 3021 sit
1188 2965 1337 3041 epinicion

234 3050 449 3129 potiusquam
467 3055 576 3127 poema
597 3047 681 3108 hisce
703 3048 819 3109 duabus
842 3050 1012 3109 ecroesibus
1035 3049 1190 3107 contineri.
1236 3066 1288 3105 ree
1311 3054 1337 3101 et

233 3140 353 3209 tempus
366 3134 525 3192 nobiscum
536 3135 660 3193 faciunt.
704 3156 777 3195 nam
797 3146 1007 3215 praeterquam
1025 3131 1109 3213 qnod
1126 3134 1168 3191 ita
1182 3131 1335 3191 exorditur

233 3213 337 3273 Pisida
349 3227 383 3273 nt
398 3215 547 3295 hymnum
562 3222 718 3280 existimes
738 3240 863 3295 canere,
891 3222 999 3279 leviter
1016 3218 1181 3277 admodum
1199 3236 1239 3275 ea
1264 3235 1336 3297 quae

234 3296 276 3355 ad
294 3298 496 3377 expeditionis
516 3302 642 3361 ductum
661 3315 692 3362 et
713 3308 830 3364 exitum
846 3314 981 3385 spectant
998 3306 1094 3381 tangit
1108 3314 1139 3361 et
1150 3306 1185 3360 in
1198 3306 1335 3371 transitu,

235 3391 331 3440 totum
352 3395 453 3442 autern
472 3406 505 3445 se
526 3388 560 3443 in
577 3390 709 3447 Heraclii
729 3392 839 3469 pietate
866 3387 1104 3449 commendanda
1128 3386 1277 3459 effundi13
1307 3404 1337 3441 ac

235 3464 311 3524 dum
323 3470 356 3525 in
369 3487 405 3525 eo
422 3489 487 3528 esse
501 3470 597 3530 credis
608 3482 643 3530 ut
655 3474 773 3553 aliquid
787 3474 824 3533 de
838 3495 870 3533 re
886 3478 1039 3554 proposita
1057 3472 1155 3547 dicat,
1176 3475 1269 3553 qnasi
1287 3472 1336 3528 ab·

235 3553 370 3612 sternens
383 3550 502 3613 videtur
517 3558 640 3630 resilire,
663 3560 738 3615 etin
752 3563 790 3619 iis
804 3579 881 3640 quae
900 3569 968 3618 ante
980 3567 1150 3637 stuceptam
1166 3555 1336 3635 expeditio·

235 3657 306 3695 nem
318 3639 448 3716 gloriose
462 3640 574 3699 fecerat
586 3644 750 3723 imperator
763 3643 936 3705 enarrandis
952 3647 1120 3724 perrogari.
1154 3645 1221 3722 ipsa
1236 3652 1335 3701 autem

176 3794 181 3800 ,
238 3724 323 3783 testis
335 3720 533 3800 estdiaenus,
556 3725 660 3786 dicens
675 3728 805 3789 Acrone.
824 3733 842 3792 1
865 3732 946 3793 240:

399 3802 481 3888 ὅμως
500 3807 641 3885 dulciore
661 3809 874 3899 ῥιψοκινδύνφ
892 3808 1002 3893 θράσει
1112 3840 1120 3865 ι

399 3889 453 3955 τὸν
465 3899 557 3971 νοῦν,
584 3891 635 3960 ἐπ’
650 3892 752 3961 adreio
766 3894 897 3979 νήχομαι
907 3904 970 3961 τῶν
983 3891 1175 3979 πραγμάτων.

238 3977 281 4034 ita
297 3985 398 4036 autem
412 3976 447 4035 id
461 3978 576 4037 iactum
592 3992 653 4057 est,
682 3986 754 4063 quia
767 3981 840 4042 huic
852 3988 937 4064 operi
949 4001 1074 4041 manum
1088 3976 1180 4041 nimii
1193 3978 1335 4037 sollicittu

238 4058 383 4138 admovit,
404 4063 535 4137 scilicet,
556 4076 591 4122 ut
603 4082 673 4125 mee
687 4068 747 4127 fert
760 4071 877 4147 opinio,
901 4068 1005 4147 paullo
1021 4077 1091 4146 post
1101 4082 1193 4147 quarn
1210 4058 1336 4145 dreyee'r

240 4148 362 4225 οθησαν
381 4144 469 4225 (nter,
479 4151 562 4209 euim
577 4152 679 4211 verbis
692 4151 833 4213 chronici
847 4152 1001 4213 resciatis
1016 4172 1052 4229 p-
1071 4150 1148 4227 727)
1167 4143 1336 4233 dnoxpiout
