2792 4709
244 250 281 297 ιτ
702 230 877 318 odmen

243 398 286 457 ait
300 396 381 457 enim
393 396 523 457 Amas.
538 401 560 465 2
583 402 644 467 122
663 400 738 459 belli
748 398 905 481 praeludia
915 401 1104 484 inspexiuet
1124 396 1229 479 addae
1238 398 1275 469 dl
1285 425 1336 485 μοι

241 522 288 573 τις
300 492 413 563 tecit·
426 494 610 582 προσόρχετο
626 500 704 564 λόιῖν
715 497 753 565 τό
765 498 878 584 vepna
888 508 944 586 τῆς
955 498 1054 586 μάχης
1065 500 1228 588 αροαόλια.
1248 524 1336 584 aper·

242 604 301 661 tius
316 612 417 661 autam
430 620 517 663 auam
531 604 610 662 inter
626 619 710 662 anna
727 606 928 685 praesentiam
940 605 1073 668 declarat
1085 607 1217 668 Acroce.
1233 612 1254 673 3
1276 609 1335 673 181

243 702 345 762 dicem
358 705 472 765 milites
487 724 541 786 pro
555 706 743 787 imperatoria
756 708 853 767 aalma
866 707 1102 772 collacrimantee
1116 710 1242 788 ridicae,
1260 728 1336 768 nna-

242 824 302 887 que
323 806 415 864 simol
436 826 504 867 crnn
521 809 583 869 illia
605 810 739 870 nemu:
773 804 907 889 τοότοις,
929 806 1082 896 κράτιστε,
1101 814 1155 879 nal
1176 807 1337 895 σννόσθησ

242 902 365 985 εἰκότως
393 912 491 984 καλῶς
518 914 683 992 φρονοῦσι,
713 910 766 976 ccl
788 907 964 997 συνήλγησα
979 916 1088 994 πλέον,
1115 920 1157 1006 τῇ
1179 912 1337 993 ταυτότητι

242 1008 404 1093 σογχνθελς
415 1016 477 1074 τοῖν
492 1008 641 1094 όωιρόων.
683 1024 715 1073 at
731 1016 765 1074 in
781 1015 889 1075 eadem
900 1022 1024 1080 Aoroaai
1037 1040 1068 1079 τ.
1083 1018 1146 1085 818
1163 1018 1335 1079 Heraclium

141 1132 168 1184 p.
185 1113 224 1169 vl
241 1114 358 1193 ipsum,
381 1116 433 1195 qui
450 1116 547 1193 primo
563 1114 643 1174 bello
656 1116 718 1175 iam
733 1120 866 1179 confecto
881 1142 899 1179 e
909 1122 1034 1182 Perside
1044 1124 1078 1183 ln
1090 1124 1199 1182 urbem
1211 1131 1278 1179 erat
1288 1139 1336 1177 re-

237 1234 388 1290 versurus,
412 1213 449 1274 de
463 1218 607 1294 susceptis
620 1216 772 1280 laboribus
784 1220 968 1299 gaudentem
979 1227 1041 1285 suia
1053 1225 1176 1284 auribus
1186 1220 1335 1282 audivisse

178 1307 185 1337 ‘
237 1320 281 1375 cio
304 1318 410 1376 refert:
432 1312 520 1393 αότός
539 1316 597 1405 γάρ
620 1314 697 1402 ἡμῖν
717 1322 890 1405 έξαριθμιὸν
911 1324 1057 1404 πολλάκις
1075 1332 1133 1392 τοῦ
1150 1329 1208 1389 σοῦ
1221 1318 1338 1407 βέοντό

237 1416 360 1501 μέτρον,
391 1414 536 1500 ότράνους
559 1414 604 1485 ότι
629 1419 718 1504 βιοός
737 1419 848 1506 χρόνον
869 1434 1014 1493 τοσοῦτον
1035 1429 1068 1494 έν
1087 1429 1230 1513 ῥαθυμίᾳ
1249 1426 1336 1507 &aaa

236 1514 348 1595 ταότας
369 1524 413 1605 τῷ
432 1525 498 1607 θεῷ
516 1518 570 1597 τάς
587 1516 711 1608 ἡμέρας.
754 1530 787 1587 in
803 1530 863 1588 fine
879 1530 1004 1591 tandem
1019 1530 1156 1591 eiusdem
1170 1534 1336 1590 Acroaaeca

236 1640 265 1680 v.
280 1622 341 1685 85⁵
356 1619 493 1702 Hydrae,
515 1622 574 1685 hoo
587 1637 632 1687 eat
645 1632 753 1689 erroris
765 1632 827 1691 late
840 1631 922 1713 apud
935 1637 1043 1695 Persae
1057 1636 1221 1716 serpentis,
1242 1650 1337 1691 unum

237 1734 326 1801 caput
348 1742 381 1783 ac
400 1723 512 1787 vidisse
531 1737 672 1789 tentatur:
694 1726 733 1795 όν
754 1738 812 1796 νόν
828 1735 990 1818 βλέποντες
1002 1734 1126 1821 εἰσάγον
1139 1730 1337 1816 θαυμάζομεν

233 1822 393 1907 Ἡρακλέος
406 1824 530 1907 τυχόντα
546 1827 597 1892 acl
613 1834 811 1915 σεσωσμένον.
839 1840 942 1921 itaque
959 1844 986 1900 ei
999 1840 1116 1917 Pisida,
1139 1851 1172 1899 ut
1186 1849 1235 1898 ert
1248 1857 1337 1917 aper-

233 1938 316 2004 tum,
338 1932 511 1991 Heraclium
529 1934 563 1991 in
577 1934 701 1995 Perside
726 1936 919 2001 dimicantem
942 1947 1100 2004 comitatus
1121 1953 1183 2020 eet,
1204 1959 1337 2022 ermque

235 2050 308 2089 auae
327 2036 447 2112 pietatis
466 2036 643 2117 virtutisque
665 2048 774 2100 testem
795 2040 906 2105 habere
926 2048 1088 2128 imperator
1101 2066 1164 2106 non
1183 2056 1231 2104 eet
1247 2041 1337 2103 dedi·

235 2144 362 2211 guntur,
388 2136 471 2216 quali
492 2138 524 2195 in
546 2140 642 2216 pretio
658 2142 739 2222 apud
753 2147 857 2224 ipsum
871 2168 991 2226 regem,
1012 2168 1129 2209 necnon
1141 2152 1176 2207 in
1187 2157 1254 2209 tota
1267 2148 1336 2206 aula

233 2232 401 2314 Byzantina
421 2238 528 2314 fuerit,
550 2243 622 2299 satis
636 2242 707 2303 inde
722 2250 830 2326 opinor
843 2252 952 2310 elucet.
993 2272 1095 2334 neque
1114 2254 1198 2311 enim
1212 2262 1249 2311 ut
1265 2270 1336 2331 gra·

234 2339 335 2417 gorius
355 2340 444 2402 mileo
464 2340 573 2402 ducem
589 2364 693 2425 auum,
721 2347 777 2408 aed
794 2361 830 2409 ut
847 2359 936 2431 poita
949 2356 1118 2435 principem
1130 2376 1166 2416 ac
1178 2354 1336 2417 dominun

142 2438 147 2457 ¹
233 2452 377 2523 sequutus
399 2454 458 2520 eat,
488 2455 523 2504 ut
545 2466 622 2528 quaa
643 2452 682 2509 ab
705 2454 772 2534 ipso
795 2468 970 2534 gererentur
990 2460 1152 2537 inspiceret
1172 2469 1203 2519 et
1223 2459 1335 2537 scripto

231 2544 399 2606 mandaret.
443 2567 503 2630 quo
518 2552 584 2631 quia
602 2552 717 2613 facttun
732 2557 859 2617 fortasse
874 2558 992 2635 credat,
1014 2577 1111 2641 aeque
1123 2580 1227 2620 carum
1239 2560 1335 2619 fuisse

231 2646 369 2706 Heraclio
390 2650 526 2708 Pisidam
550 2673 585 2712 ao
605 2656 679 2715 olim
698 2658 757 2717 fuit
777 2660 913 2740 Scipioni
932 2663 1074 2721 Africano
1086 2664 1220 2740 Ennius,
1242 2681 1335 2745 quam

228 2758 326 2806 morte
345 2748 427 2808 obita
448 2751 480 2809 iu
500 2756 638 2833 sepulcro
659 2759 837 2838 Scipionum
853 2784 919 2823 eoae
939 2767 1133 2824 constitutum
1148 2786 1167 2823 a
1184 2784 1335 2823 marmora
1377 2755 1379 2848 l

229 2846 321 2908 tradit
342 2851 445 2911 Cicero
466 2874 521 2933 pro
546 2857 677 2917 Archia.
722 2864 868 2924 nimirum
889 2868 917 2925 ai
937 2886 1044 2925 venun
1065 2877 1127 2942 cet,
1149 2866 1235 2949 quod
1256 2878 1333 2926 tecte

228 2950 342 3011 Allatio
357 2952 448 3013 dico.
466 2956 504 3014 da
520 2958 658 3040 Georgiie
668 2958 807 3022 adfirmat
820 2968 1012 3029 Hamartolus
1025 2972 1058 3029 in
1071 2968 1219 3029 Chronico
1233 2968 1334 3028 adhuc

228 3053 343 3117 inedito
358 3066 388 3115 et
405 3076 445 3115 ex
460 3060 633 3123 Hamartolo
650 3062 821 3145 cedrenus,
852 3072 991 3131 Heraclio
1008 3074 1040 3130 in
1056 3069 1117 3132 hcc
1128 3074 1247 3133 bellum
1260 3094 1334 3153 pm-
1377 3091 1378 3138 t

227 3154 343 3215 facturo
368 3168 398 3216 et
417 3162 450 3217 iu
475 3163 601 3225 ecclesia
626 3186 739 3247 magna
760 3190 851 3251 opem
870 3194 889 3232 a
910 3172 968 3233 deo
982 3186 1084 3235 contra
1100 3172 1204 3236 hoster
1216 3178 1333 3256 petenti
1377 3143 1379 3238 1

227 3255 328 3315 fausta
349 3256 543 3338 adprecatum
565 3288 630 3327 esse
652 3288 753 3329 coram
773 3276 913 3336 omnibus
933 3276 1083 3355 Pisidam‚
1104 3297 1167 3338 non
1179 3280 1334 3337 immerito
1377 3283 1378 3290 ’

227 3354 299 3415 inde
312 3360 415 3439 colligi
430 3382 519 3443 posse
532 3380 673 3447 putamus
688 3393 769 3449 eum,
792 3379 845 3458 qui
858 3378 974 3458 ingenii
986 3376 1077 3438 laude
1090 3379 1216 3440 clareret
1230 3392 1261 3440 et
1273 3382 1334 3439 ali-

228 3474 288 3537 quo
304 3456 427 3523 honoria
440 3468 529 3526 titulo
545 3472 749 3553 praefulgeret
764 3480 942 3559 insignitus,
968 3486 1049 3542 iuter
1061 3486 1186 3543 comites
1197 3486 1334 3564 impera-

227 3560 301 3619 torie
317 3563 380 3621 iam
396 3576 467 3625 tunc
481 3569 575 3631 fuisse
587 3554 750 3639 adlectum.
793 3584 859 3662 ipse
875 3594 987 3661 autem,
1010 3583 1093 3666 quod
1103 3596 1335 3669 nometquult
1377 3583 1378 3658 }

227 3674 307 3723 esset
327 3667 373 3724 sui
393 3670 525 3730 nominis
547 3678 787 3758 commendatio,
816 3690 935 3765 politica
955 3686 1088 3769 quadam
1106 3688 1245 3766 licentia,
1273 3690 1334 3748 nisi
1377 3693 1378 3736 t

225 3768 316 3825 malie
330 3766 432 3830 divino
448 3771 549 3833 furore
564 3781 712 3860 percitus,
734 3785 822 3846 bonis
839 3791 990 3851 ominibus
1003 3793 1178 3851 Heraclium
1188 3792 1335 3872 prosequi
1377 3776 1379 3847 ῗ

226 3890 288 3929 non
309 3869 467 3933 dubitavit.
510 3880 553 3937 ait
567 3885 649 3941 euim
663 3885 816 3949 cedrenus
823 3912 861 3969 p.
878 3892 959 3957 420:
982 3890 1050 3958 o‘dl
1065 3888 1207 3977 βασιλεός
1218 3886 1334 3974 βουλό-

226 3994 317 4053 μενος
339 3969 412 4057 ιιρός
431 3980 567 4061 Περσίδα
589 3992 699 4070 χωρεῖν
783 3989 932 4057 εἰοελθοόν
947 3995 991 4071 εἰς
1005 3993 1064 4078 τήν
1077 3990 1211 4080 μεγάλην
1223 3994 1333 4074 ἐναλη-
1377 3993 1379 4046 l

227 4074 297 4137 σόον
320 4076 433 4157 μέλοντι
451 4076 635 4165 όποόήματα
655 4086 897 4173 περιβαλόμενος
922 4098 975 4162 acl
1001 4094 1124 4182 πρηνὴς
1146 4094 1251 4164 πιστόν
1271 4094 1333 4180 τρό-
1377 4054 1379 4206 l

227 4174 297 4253 ξατο
383 4175 423 4245 όν
439 4178 517 4248 ldu'v
533 4182 683 4275 Γιάργιος
701 4190 719 4258 ό
739 4196 871 4280 Πιολόης
890 4196 1013 4284 τοότης,
1024 4198 1237 4280 τωτιινόοινς
1258 4201 1333 4284 ἔφη,
1377 4225 1379 4286 ι
