2792 4709
245 204 319 277 106
491 198 704 285 Qunncms
728 196 776 267 IN
798 190 1104 265 EXPEDITIONIS

242 382 275 431 a
298 368 458 431 smum
484 368 523 426 aa
552 368 693 427 ueneno
721 362 849 425 numo
869 374 899 424 et
917 364 951 423 tn
969 360 1061 422 nam
1080 362 1249 441 nomm,
1280 358 1351 418 anu
1373 330 1374 371 ³

242 476 350 515 omnes
370 452 545 513 Mahameto
568 452 645 512 duce
665 454 870 531 conspirantes
889 452 996 511 Asiam
1011 458 1041 507 et
1053 449 1204 507 Africam
1222 466 1306 526 pene
1319 456 1350 501 to

243 552 309 603 tam
322 542 464 601 maximis
478 538 701 598 calamitatibus
715 538 900 597 alilixenrnt.
945 534 1015 595 ride
1028 552 1120 614 supra
1134 552 1172 593 v.
1190 536 1253 597 10-

326 662 402 725 220.
444 667 524 716 recte
544 655 762 717 Saracenorum
781 664 921 715 naturam
939 655 1075 733 attingit,
1097 656 1156 735 qui
1184 652 1351 733 populatio

243 746 333 805 uibus
353 747 462 803 intenti
485 754 515 801 et
536 738 697 828 λῃστρικόν
716 748 795 803 vitae
815 762 910 821 genus
929 738 1071 799 ducentes
1090 758 1155 797 non
1177 759 1229 797 ex
1245 736 1351 797 rnilitui

244 830 404 910 disciplina
428 828 548 889 hostem
570 826 712 907 aggredi,
739 826 794 887 sed
810 829 962 887 latronum
978 827 1073 885 instar
1087 825 1284 884 clanculum
1296 826 1352 881 irre

241 936 328 997 pere,
351 924 381 975 et
392 912 524 996 praeda,
545 915 572 970 si
585 915 705 989 liceret,
727 914 807 972 iacta
825 934 858 972 se
873 916 1005 992 recipere
1021 921 1274 970 consueverunt.
1306 910 1352 963 lic

243 1000 364 1061 chartus
382 1004 415 1061 iu
434 998 558 1077 Piateg
571 997 625 1057 lib.
641 1003 662 1062 2
677 1021 705 1057 ο.
721 1002 742 1063 2
761 1000 925 1059 Saracenos
944 1017 962 1056 a
980 998 1147 1055 latrociniis
1170 1016 1252 1056 esse
1275 992 1353 1053 dietas

243 1087 413 1166 contendit,
435 1094 506 1175 quia
519 1073 619 1198 ἀ)...
636 1090 755 1150 Saraka
770 1092 897 1150 Arabiae
914 1100 959 1150 est
972 1086 1162 1148 ίααοοὺιανί.

327 1202 403 1263 222.
444 1200 479 1257 in
486 1220 588 1277 poena
605 1202 643 1260 ds
656 1198 827 1257 Resurrect.
844 1202 864 1264 8
885 1196 928 1262 68
949 1197 992 1254 ila
1012 1192 1050 1253 de
1071 1191 1226 1252 diabolo:
1251 1186 1353 1268 ιιίίρας

242 1280 277 1351 ια’
289 1288 412 1367 πρῶιον
425 1280 571 1366 μειζόνως
584 1278 766 1364 insamae.

242 1382 484 1550 muzirim?
499 1388 661 1447 clementia
676 1386 809 1445 Heraclii
822 1386 855 1443 in
871 1382 980 1445 ducem
992 1383 1227 1445 Saracenorum
1238 1376 1352 1439 nihilin

328 1574 402 1637 238.
445 1574 545 1634 innuit
561 1574 746 1655 benignitate
764 1572 895 1633 Heraclii
915 1572 1029 1630 factum
1043 1578 1077 1629 ut
1093 1568 1215 1651 aliquis
1228 1568 1353 1628 Sarace-

243 1676 353 1717 norum
368 1655 434 1715 dux
448 1662 479 1717 ei
494 1679 527 1718 se
540 1659 733 1739 adiungeret,
756 1656 973 1741 quadridente
988 1654 1164 1715 confirmare
1185 1649 1351 1731 Theoplas-

243 1761 299 1802 nes
309 1764 346 1822 p.
362 1743 443 1817 257,
463 1742 569 1804 dicens
582 1744 731 1827 quosdam
746 1746 910 1805 Saracenos
925 1741 965 1801 ad
974 1744 1128 1801 Gazacum
1140 1740 1204 1800 snb
1217 1739 1350 1799 Heraclio

243 1830 408 1887 militantes
424 1826 590 1889 Chosroam
603 1832 741 1910 fregisse.

325 1929 401 1995 211.
444 1951 514 1989 oum
526 1934 667 2013 utrinque
680 1932 778 2011 parati
790 1940 891 1991 esseni
903 1928 942 1990 ad
953 1948 1097 2010 pugnam,
1118 1930 1244 1990 Persae
1254 1930 1347 1988 imam

243 2027 274 2075 et
289 2016 404 2090 solem,
425 2016 555 2075 Romani
570 2015 662 2075 deum
677 2016 812 2077 adorant.
856 2036 897 2075 ex
909 2019 1034 2075 militari
1048 2014 1216 2095 disciplina
1233 2016 1346 2081 milites,

242 2110 407 2183 antequam
427 2099 621 2179 dimicarent,
653 2106 745 2162 sacris
770 2103 980 2183 operabantur.
1022 2100 1092 2161 vide
1112 2102 1262 2160 Leonem
1283 2103 1348 2175 imp.

242 2185 344 2249 &142
365 2186 404 2245 da
419 2188 471 2257 ia't,
493 2207 571 2267 quos
592 2188 642 2247 dia
663 2186 736 2247 belli·
756 2190 877 2269 agenda
898 2199 979 2248 sunt.
1025 2186 1112 2269 ἔργον
1134 2181 1289 2269 deprivant
1304 2181 1347 2245 xri

241 2264 409 2354 ννμβοίίων
429 2271 514 2333 idem
531 2292 567 2331 ac
588 2270 704 2357 ὄργανα
720 2273 772 2337 καί
786 2268 937 2355 κύμβαλα.
979 2270 1292 2331 animadvertendum
1306 2268 1346 2327 hic

242 2367 274 2417 ct
291 2358 365 2417 alibi
380 2356 462 2437 apud
475 2358 611 2419 Pisidam
625 2360 764 2441 cymbala
776 2370 806 2419 et
817 2369 962 2440 tympana
976 2361 1060 2417 reiici
1072 2368 1226 2438 tanquam
1241 2361 1346 2415 instru-

239 2451 344 2502 menia
356 2444 494 2523 profana.
534 2464 628 2527 quara
642 2466 712 2505 cum
725 2448 757 2505 in
774 2442 943 2503 delinienda
959 2446 1346 2501 talinminsrrumenromn

238 2530 338 2588 iorma
357 2540 390 2587 ct
408 2528 581 2589 diversitate
597 2529 768 2612 discrepent
782 2528 909 2607 eruditi,
932 2526 1073 2589 standum
1082 2526 1134 2586 hic
1149 2532 1283 2587 omnino
1297 2546 1346 2584 au-

239 2616 370 2680 ctoritati
382 2612 513 2691 Suidaa,
536 2618 589 2696 qui
602 2618 644 2674 ita
661 2620 781 2693 statuit,
803 2610 943 2698 κύμβαλα
959 2610 1108 2695 capriani
1122 2614 1269 2695 παίγνια.

323 2712 399 2778 242.
443 2713 483 2772 ad
496 2718 722 2793 spurcissimam
735 2720 895 2776 Persarum
908 2714 1066 2776 libidinem
1080 2712 1346 2775 demonstrandam

239 2807 377 2857 veterum
402 2802 574 2859 testimonia
601 2800 736 2883 undique
757 2802 879 2882 collegit
895 2804 1066 2862 Brissonius
1084 2802 1121 2861 de
1140 2822 1241 2881 regno
1262 2804 1344 2861 Pers.

240 2881 296 2943 lib.
319 2887 341 2947 2
356 2904 395 2963 p·
416 2886 490 2950 298.
533 2905 644 2967 nempe
664 2886 712 2946 illi
730 2890 817 2969 quasi
834 2888 1019 2947 mulierculis
1043 2906 1143 2947 carere
1167 2889 1347 2967 neutiquam

239 2965 385 3050 posseist,
413 2990 463 3030 eas
484 2989 546 3029 nou
563 2970 655 3031 modo
676 2970 716 3031 ad
737 2971 907 3033 canendum
929 2976 962 3033 iu
986 2975 1129 3033 conviviis
1150 2970 1344 3044 adhibebant,

240 3073 347 3114 verum
370 3058 463 3115 etiam
482 3058 514 3114 iu
534 3059 715 3119 militaribus
738 3057 981 3140 expeditionibus
1000 3057 1196 3119 deducebant.
1246 3076 1345 3119 earam

240 3150 343 3199 autem
364 3145 447 3200 varia
470 3153 555 3201 eraut
573 3148 694 3219 munia,
717 3144 772 3204 sed
788 3148 889 3203 omnia
906 3146 1015 3225 turpia.
1060 3144 1256 3204 celebrantur
1271 3146 1344 3204 arrisu

240 3228 426 3309 μουσουργοί
433 3271 442 3301 ,
466 3219 660 3311 αὐλητρίδες,
680 3224 842 3310 ψάλτριαι,
863 3234 1083 3311 κιθαρίστριαν,
1104 3226 1232 3315 ρίιίιοιαί,
1256 3226 1344 3309 ὄρχη-

241 3311 376 3389 asernai,
406 3308 443 3367 de
469 3312 578 3390 quibus
600 3316 688 3392 plura
708 3318 741 3373 in
761 3314 884 3375 laudato
906 3318 1072 3376 Brissonio.
1123 3312 1258 3376 adrem
1276 3312 1344 3375 illud

240 3402 359 3450 tantum
379 3392 507 3470 addam,
530 3397 613 3477 quod
633 3420 674 3458 ex
692 3402 901 3461 Parmenionis
922 3399 962 3459 ad
983 3398 1196 3461 Alexandrum
1220 3404 1344 3483 epistola

195 3510 198 3525 ι
241 3477 332 3535 refert
349 3477 540 3556 Athenaeus,
562 3484 641 3542 inter
661 3484 880 3564 impedimenta
899 3486 983 3545 Darii
1004 3497 1136 3567 reperias
1150 3506 1217 3546 esse
1236 3494 1344 3553 nuile

240 3563 329 3636 ιιίδας
343 3564 553 3650 μουσουργοοίς
563 3572 621 3633 τοῦ
632 3570 778 3650 βασιλέως
789 3574 962 3655 τριακοσίας
974 3572 1070 3636 sinoce
1082 3568 1180 3635 devia.

326 3663 400 3735 245.
444 3687 556 3749 organa
569 3673 701 3749 musica,
722 3674 831 3755 quibus
844 3674 970 3734 canebat
983 3674 1156 3749 Heraclius,
1179 3685 1271 3734 erant
1283 3674 1344 3756 puri

240 3752 351 3809 mentis
367 3751 503 3813 affectus.
534 3754 646 3817 videsis
659 3756 858 3839 pentachordi
870 3758 1103 3843 descriptionem
1116 3760 1150 3819 in
1162 3760 1224 3819 lina
1241 3762 1340 3821 Poen-

241 3837 280 3895 de
294 3835 371 3895 ballo
383 3838 485 3897 Arar.

326 3937 401 4005 249.
443 3940 567 4016 lunam,
587 3954 708 4023 praeter
726 3947 839 4023 solem,
861 3948 988 4009 coluisse
1007 3950 1116 4009 Persas
1135 3944 1342 4009 adnotasimm

242 4041 335 4102 supra
346 4024 478 4085 Αοιοαι.
496 4028 515 4089 1
537 4031 590 4092 82.
633 4040 665 4088 at
676 4028 729 4090 hic
740 4032 842 4092 Pisida
855 4030 893 4091 de
907 4036 980 4093 luna
993 4046 1112 4093 tantum
1128 4035 1204 4093 facit
1215 4036 1343 4093 mentio-

243 4125 333 4181 nem,
353 4120 390 4168 ut
411 4110 470 4171 sibi
489 4114 572 4171 viam
595 4123 710 4174 stemat
724 4114 810 4175 adid
824 4116 958 4199 quodda
976 4122 1082 4199 eclipsi
1095 4120 1199 4179 lunari
1214 4118 1343 4179 dicturus

243 4201 294 4251 ast
303 4194 338 4253 in
349 4193 411 4255 linc
424 4193 550 4274 huiusce
563 4200 727 4261 Aoroaseos
742 4210 773 4263 at
784 4204 818 4261 in
831 4202 980 4286 principib
994 4206 1161 4287 sequentis.
