2792 4709
244 201 315 280 144
504 203 714 290 QUERCIUS
738 201 784 269 lit
808 201 1082 269 Haasesunls

240 371 311 432 vide
321 373 354 431 in
368 361 498 452 poimat.
511 368 602 431 huius
617 371 787 450 argumenti
799 391 828 430 v.
843 373 917 435 490.
958 371 1078 429 nullom
1090 370 1176 428 enim
1190 369 1283 429 alind
1295 373 1352 429 luit

243 460 359 519 bellum
373 457 479 516 navale
490 459 569 516 inter
579 459 753 516 Heraclium
763 466 793 514 et
799 454 962 515 chosroam
974 465 1092 536 praeter
1104 453 1138 514 id
1155 455 1247 536 quod
1259 476 1349 536 prope

244 546 363 604 moenis
377 543 459 601 urbis
476 542 602 623 cpoleos
618 553 719 602 actum
733 552 789 600 est.
832 561 902 600 oum
917 553 1019 600 autem
1034 539 1113 599 dIcat
1128 546 1194 623 yria
1207 549 1350 621 κυριώ-

243 649 295 694 cas
313 635 376 701 τοῖς
397 621 540 709 λόθροις,
576 626 609 688 id
630 625 863 706 intelligendum
884 625 921 685 de
945 625 1086 686 caedibus
1114 628 1349 686 inmanissimis

244 713 496 788 Christianorum,
528 733 603 796 quas
619 715 652 772 in
667 723 730 772 tota
748 714 837 793 Syria
857 723 888 772 et
902 711 1026 772 Perside
1038 707 1191 772 Ghosroes
1206 717 1347 794 patrarit.

243 797 313 861 vide
329 799 366 857 de
379 797 495 876 Exped.
514 803 534 862 2
556 801 628 863 108.

327 887 380 948 30.
423 885 531 943 clarius
547 903 638 966 quam
652 905 743 964 supra
755 881 920 943 Chosroam
932 893 1041 964 aequat
1059 881 1251 958 liembrodo‚
1270 884 1346 941 cum

242 970 306 1030 vim
318 971 449 1028 nominis
465 989 533 1028 eam
552 990 617 1029 esse
638 968 741 1029 dicunt
760 981 795 1029 ut
808 967 997 1027 idololatram
1012 979 1178 1048 tyrannum
1194 981 1228 1028 et
1243 973 1348 1048 giovan-

243 1067 306 1114 tem
321 1055 477 1134 significet.
515 1053 616 1115 Pisida
632 1057 791 1115 manifeste
807 1057 977 1114 versionem
988 1058 1030 1119 70
1051 1064 1173 1114 secutus
1195 1051 1239 1112 de
1255 1054 1346 1113 Choe-

244 1161 296 1200 roa
311 1138 383 1199 dicit
399 1144 562 1223 ysyonrteiv.
585 1143 637 1200 ubi
655 1143 737 1200 enim
747 1142 876 1220 Vulgata
895 1139 972 1198 Gen.
992 1143 1031 1204 10
1045 1143 1065 1204 8
1081 1141 1156 1218 legit
1173 1142 1244 1218 ipse
1256 1141 1346 1197 Nua-

243 1226 301 1285 rod
320 1227 416 1304 coepit
439 1245 499 1284 esse
516 1236 623 1304 potens
642 1229 676 1285 irs
695 1239 775 1285 terra
782 1270 796 1300 ,
825 1229 1013 1306 septuaginta
1032 1227 1214 1304 interpretes
1236 1223 1346 1283 hebent

244 1303 334 1386 οὗτος
348 1309 459 1392 ἤρξατο
475 1305 552 1374 alvos
566 1313 652 1396 γίγας
665 1311 716 1376 tut
728 1316 784 1395 τῆς
795 1315 861 1396 γῆς.
881 1309 933 1370 bic
947 1313 1082 1370 senarius
1096 1313 1209 1369 citatur
1221 1330 1241 1369 a
1255 1310 1346 1370 Suide

242 1399 276 1456 in
291 1418 321 1458 v.
341 1403 376 1458 Γι
395 1399 493 1459 antei.

327 1420 394 1547 81·y
423 1457 503 1540 redte
514 1482 701 1543 Baltasarem
720 1503 824 1562 regem
843 1481 1008 1561 Rabylonis
1025 1477 1085 1562 πρό
1104 1474 1236 1543 πάντων
1250 1483 1347 1540 verius

243 1577 274 1626 et
285 1568 394 1626 melius
410 1585 501 1648 quam
515 1579 627 1628 ceteros
640 1580 782 1648 tyrannos
797 1580 893 1626 terrae
906 1569 1058 1625 imitatum
1077 1587 1142 1626 esse
1159 1565 1238 1625 dicit
1253 1565 1347 1626 chos-

243 1669 346 1711 roam:
367 1661 403 1710 nt
424 1656 507 1710 enim
528 1654 580 1712 ille
598 1673 671 1714 vasa
689 1652 728 1714 de
740 1655 852 1734 templo
866 1654 1084 1712 Hierusalema
1098 1651 1346 1712 Nabuchodono-

242 1756 309 1797 sore
330 1747 479 1818 asportata
498 1739 576 1796 inter
596 1739 817 1799 convivandum
837 1741 1037 1798 contaminare
1056 1757 1117 1796 non
1138 1738 1282 1812 erubuit,
1307 1741 1345 1796 ita

243 1820 390 1882 chosroes
409 1823 528 1902 lignum
546 1842 573 1883 s.
596 1827 709 1900 crucis,
741 1823 823 1906 quod
842 1825 879 1882 ab
901 1823 1009 1883 eodem
1030 1823 1145 1902 templo
1162 1825 1301 1905 abripuit
1319 1835 1345 1880 et

242 1927 347 1968 secum
362 1927 431 1967 cum
442 1907 557 1968 infinito
572 1911 758 1988 captivorum
769 1928 894 1970 numero
910 1907 1046 1984 abduxit,
1067 1909 1254 1988 profanavit.

327 1998 379 2059 82·
421 1988 458 2057 sd
479 1999 552 2056 θεῖα
582 1993 655 2077 quid
677 1995 842 2075 intelligat,
885 1993 956 2056 ride
980 1995 1019 2054 de
1038 1994 1157 2074 Erped.
1183 2001 1207 2060 2
1233 1997 1296 2060 107
1320 2007 1345 2050 et

243 2100 379 2228 “was
422 2165 548 2226 nanae
569 2163 588 2230 5
609 2165 641 2230 5.

327 2251 379 2315 3⁵.
422 2249 532 2312 Suidas
549 2249 641 2310 habet
655 2241 736 2310 liunc
749 2251 886 2312 iambum
899 2215 932 2311 in
947 2272 977 2311 v.
994 2254 1113 2334 ψῆφος.
1157 2251 1273 2310 similis
1293 2271 1343 2308 au·
1375 2230 1376 2249 ¹

242 2344 305 2394 tem
317 2333 389 2395 huic
405 2348 450 2396 est
463 2337 523 2402 385
538 2337 575 2395 de
589 2335 671 2396 Bell.
687 2335 789 2397 Ahar.

327 2425 379 2486 86.
422 2424 505 2481 varia
520 2423 735 2502 suppliciorum
749 2443 876 2502 genera,
904 2423 1013 2503 quibus
1023 2420 1172 2481 Chosroes
1186 2423 1222 2478 in
1233 2423 1341 2479 ltoma·

240 2523 297 2564 uos
313 2510 437 2582 saeviit,
466 2527 662 2583 enumerans,
691 2511 792 2587 ipsum
813 2506 937 2589 quidem
951 2517 1129 2589 vannum,
1157 2504 1342 2566 Christianos

239 2601 341 2649 autem
354 2602 500 2670 anartyres
519 2595 612 2652 fuisse
630 2592 779 2673 designat.

326 2679 378 2740 88.
421 2674 502 2735 huno
524 2688 554 2736 et
565 2698 658 2758 prope
672 2688 850 2761 sequentem
862 2681 1014 2737 senarium
1025 2677 1129 2736 confer
1145 2697 1219 2736 cum
1235 2695 1268 2736 v.
1284 2675 1341 2739 tat
1374 2718 1375 2767 r

239 2768 269 2814 et
283 2779 364 2839 seqq.
384 2760 422 2819 de
439 2760 520 2819 Ball.
537 2762 639 2820 Ahar.

323 2847 377 2907 40.
420 2865 490 2904 cum
503 2848 584 2905 euim
596 2845 842 2909 Stroestlhosrca
855 2850 988 2907 extincto
1001 2866 1190 2928 paccmcum
1202 2847 1341 2904 Heraclio
1374 2836 1375 2871 ³

238 2933 472 3009 composuisset,
502 2926 637 3008 πάντας,
664 2944 698 2992 ut
720 2931 813 2992 habet
832 2931 1035 3013 Theophanes
1053 2954 1089 3010 p.
1108 2937 1189 3005 272,
1217 2926 1294 3003 rode
1312 2931 1342 2992 le

236 3022 389 3097 φρουραῖς
413 3013 615 3098 &scamonia
635 3016 686 3080 sal
710 3016 783 3092 τούς
811 3017 845 3082 ἐν
868 3019 995 3098 Περσίδι
1023 3015 1107 3102 πόσῃ
1133 3012 1341 3096 αἰχραλότως

236 3096 545 3262 illiterati.
561 3099 877 3265 titano
896 3097 1135 3250 calixt
1232 3104 1340 3180 “²²⁰“

322 3272 375 3332 41.
418 3213 463 3329 dd
474 3212 795 3333 variilsctorrdentordm
808 3211 988 3352 gerde‘iib'dd),
1010 3293 1089 3354 quae
1101 3267 1204 3330 Pisida
1224 3274 1338 3350 poetice

238 3349 389 3427 deacribit,
413 3356 614 3416 consulendus
627 3361 783 3418 Gallonius
799 3359 836 3417 de
849 3381 890 3419 ee.
907 3369 1073 3438 martynum
1087 3359 1212 3415 ornem.
1225 3378 1265 3434 p.
1288 3359 1336 3418 16:

237 3445 271 3492 ut
285 3448 430 3516 martyres
445 3443 528 3498 euim
542 3443 694 3503 Romanos
715 3447 843 3504 aPersie
862 3446 971 3526 laqueo
993 3462 1153 3522 suspensos
1172 3452 1202 3500 et
1216 3451 1337 3499 necatos

236 3517 355 3580 videtur
369 3535 589 3601 repraesentare
602 3526 684 3586 idem
696 3535 796 3608 poeta,
812 3533 865 3611 qui
877 3531 982 3610 procul
997 3528 1088 3587 dubio
1100 3528 1133 3587 S.
1145 3529 1336 3586 Anutesium

236 3607 360 3664 Persam
386 3611 510 3690 eiusque
534 3616 725 3693 septuaginta
750 3617 846 3676 socios
868 3627 1016 3696 martyres
1038 3614 1078 3673 ob
1099 3614 1202 3672 oculos
1221 3609 1335 3684 babuit,

236 3689 310 3750 dum
323 3690 398 3752 haec
410 3696 568 3756 scribebat.

320 3779 373 3842 42·
414 3776 494 3839 hanc
516 3801 647 3862 poenam
670 3781 826 3865 quondam
848 3805 867 3844 a
887 3782 1018 3846 dominis
1037 3785 1134 3864 indigi
1148 3785 1335 3843 consuevisse

234 3864 342 3937 servis,
371 3867 456 3923 testis
477 3877 522 3925 est
541 3867 759 3949 Aristophanes
780 3874 871 3950 Basp.
890 3875 964 3937 683.
1005 3871 1049 3929 ibi
1065 3873 1148 3929 enim
1159 3871 1261 3927 varies
1276 3879 1333 3926 tor-

233 3958 405 4006 mentorum
416 3955 530 4029 species
544 3953 698 4033 eleganter
710 3965 876 4014 enumerat.
933 3966 964 4014 at
977 3954 1080 4015 Pisida
1094 3974 1156 4013 una
1169 3973 1244 4012 cnm
1255 3962 1332 4010 aceto

233 4031 394 4112 fuliginem
413 4055 468 4115 per
488 4055 575 4097 nares
597 4043 747 4117 ingestam
764 4059 783 4097 a
798 4041 899 4099 Persis
912 4039 1022 4116 tradit,
1050 4051 1084 4099 ut
1103 4043 1140 4097 in
1153 4037 1332 4099 Christianos
1372 4066 1373 4069 ¹

234 4122 331 4196 magia
345 4124 495 4180 saevitum
509 4141 575 4182 essa
592 4123 730 4183 ostendat
744 4143 837 4204 quam
851 4124 915 4184 lieri
931 4126 1041 4184 soleret
1053 4128 1085 4182 in
1097 4142 1212 4183 servos.

318 4202 370 4267 45.
413 4209 503 4283 rotis,
533 4209 679 4290 equuleo,
709 4207 840 4271 trocheis
858 4211 986 4293 aliisque
1000 4212 1209 4272 instrumentis
1223 4217 1332 4289 masty-

1367 8 1377 148 l

1372 250 1377 385 l
