2792 4709
193 94 246 171 ot
391 198 395 205 .
441 95 655 183 oonnoios
676 94 725 163 ni
748 90 1054 163 nxrnoirionis

196 262 400 345 gratissimam
426 261 557 323 hosdem
580 262 790 323 immolehent.
848 278 970 323 oeosm
1005 256 1151 337 adsignet
1181 252 1315 317 Ovidius

197 350 282 409 Fari.
310 350 328 411 1
359 350 432 413 tto.
487 346 558 409 vide
578 350 767 409 Brisionium
788 345 826 407 de
848 366 912 425 reg.
934 348 1020 405 Pers.
1038 344 1175 423 prinoip.
1196 342 1259 401 lih.
1285 346 1313 405 2

197 455 288 494 nemo
308 444 429 510 tamen,
450 432 665 514 quodecim,
689 432 768 497 dixit
790 430 874 515 quod
895 427 999 491 Pisida
1021 430 1173 503 affirmet,
1197 446 1315 507 equum

201 518 283 600 opud
312 520 419 577 Perses
449 515 588 579 hobitum
619 538 686 579 esse
716 517 819 578 deum.
867 512 1037 577 Herodotus
1059 511 1196 596 quidem
1217 510 1277 571 tih.
1297 516 1315 575 7

196 626 233 685 p.
252 604 312 666 tot
338 622 432 684 equos
449 602 597 685 quosdam
610 607 676 664 iovi
688 624 788 666 seoros
802 606 835 663 in
847 600 971 663 Perside
983 602 1077 660 fuisse
1091 609 1214 658 namt.
1259 618 1315 655 nee

201 690 239 748 eb
261 687 413 747 Herodoto
436 688 575 751 dissentit
596 682 745 765 Iustinus,
766 691 822 771 qui
841 690 897 748 lib.
919 688 937 751 1
961 688 1001 750 10
1021 684 1041 750 6
1063 704 1162 765 equos
1184 684 1248 743 wli
1266 700 1315 741 Ἀ-

202 784 298 832 oratos
315 770 459 835 hahuisse
481 779 588 837 Perses
607 786 744 835 testetur.
786 771 842 834 sod
862 793 932 833 ounr
947 770 1052 831 Pisida
1066 772 1130 829 iere
1143 766 1314 829 eoneordet

202 860 338 933 Curtius,
361 862 415 940 qui
435 864 456 923 8
478 867 498 926 8
519 881 663 941 pompam
683 870 714 919 et
736 858 887 934 ordinem,
915 876 976 940 quo
995 875 1106 936 eginen
1125 856 1221 913 Darii
1243 872 1314 933 pro-

203 941 342 1018 oedebet,
365 943 537 1006 deieribeni
556 951 616 1006 eit:
641 966 766 1005 currum
788 944 895 1003 deinde
914 944 982 1003 Iosu'
998 952 1153 1001 suoram
1175 938 1314 997 atim
1348 938 1349 1015 i

202 1027 352 1089 vehebant
362 1032 441 1110 equi.
486 1030 679 1092 Ιωιαύηἰαο
693 1030 1041 1111 magni‘tudinisequus,
1061 1025 1243 1107 quamdis
1256 1044 1313 1103 ap-

198 1112 581 1195 ostatantium·
934 1178 940 1189 .

287 1202 342 1265 26·
384 1220 424 1259 ne
442 1200 533 1262 huius
554 1200 679 1284 quidem
697 1203 773 1262 ritus
792 1202 892 1260 ullum
912 1197 1016 1259 inveni
1035 1197 1215 1276 vestigium.
1260 1214 1311 1252 re·

204 1304 274 1343 rum
292 1287 320 1343 ei
341 1284 462 1347 Pisidee
482 1292 642 1349 auotoritas
660 1308 724 1347 non
745 1297 789 1348 est
810 1288 932 1347 omniuo
954 1280 1196 1355 eonieinnende,
1220 1298 1312 1360 quern

206 1390 308 1429 rerum
327 1372 376 1428 sui
395 1375 538 1454 temporis
559 1376 700 1454 ignarum
719 1392 877 1453 nunquam
895 1369 1017 1445 dixero,
1038 1368 1073 1428 id
1091 1372 1134 1427 ite
1154 1368 1312 1445 rocipien-

206 1454 280 1513 dum
293 1464 366 1533 puto
383 1468 418 1515 ut
432 1478 543 1541 equum
558 1462 686 1537 Persae,
709 1462 735 1519 si
751 1460 826 1519 bene
842 1460 886 1517 eis
904 1476 952 1517 rei
967 1458 1115 1530 eveniret,
1136 1450 1311 1523 edon-erent,

206 1542 234 1599 si
247 1559 318 1599 vero
331 1541 430 1618 mole,
452 1548 546 1625 virgin
560 1544 730 1606 oeederent.
1349 1602 1350 1627 ,

292 1627 344 1688 32.
387 1628 492 1705 ignem
516 1640 547 1689 et
568 1651 678 1712 eqsern
703 1628 743 1689 ed
760 1627 836 1687 heeo
850 1646 947 1707 usque
960 1634 1096 1705 tempore
1108 1626 1223 1682 Perses
1239 1620 1311 1680 iido-

209 1729 275 1769 rere
299 1720 461 1789 testentur,
499 1717 552 1795 qui
575 1714 614 1775 de
633 1719 794 1775 Persarum
816 1715 949 1772 moribus
968 1714 1001 1769 in
1021 1713 1083 1770 suis
1104 1704 1312 1789 ὁδοιπορικῶς

209 1798 401 1875 seripserunt.
445 1818 537 1881 quun
555 1811 659 1860 eutem
678 1802 811 1880 antiquis
825 1799 943 1877 legibus
959 1816 996 1855 ee
1010 1804 1090 1855 esset
1103 1798 1182 1853 inter
1196 1812 1253 1853 eos
1265 1812 1312 1851 re-

209 1892 298 1961 oepte
308 1891 339 1939 et
350 1888 509 1945 constituto
519 1887 635 1965 religio,
656 1896 776 1965 praeter
786 1883 974 1945 Herodotum
985 1891 1015 1940 et
1026 1876 1207 1942 Strabonem
1219 1880 1313 1937 eiius·

210 1986 271 2045 que
293 1978 409 2028 veteres
431 1975 607 2050 soriptoree,
626 1971 751 2031 tradunt
772 1972 944 2031 Brittonius
966 1968 1024 2025 loo.
1049 1968 1099 2025 oi't.
1122 1976 1153 2024 et
1174 1961 1311 2023 Thomas

210 2049 299 2129 Hyde
313 2052 351 2110 de
364 2065 423 2113 vet.
439 2056 526 2115 Pers.
543 2057 633 2137 relig.
648 2078 677 2117 o.
694 2062 727 2122 8.
770 2056 824 2137 qui
843 2067 946 2116 tomen
962 2072 1025 2111 non
1039 2062 1084 2112 est
1098 2048 1310 2111 audiendusin

211 2156 266 2212 eo,
288 2137 371 2225 quod
393 2143 519 2201 assumit
538 2154 655 2203 veteres
675 2146 783 2203 Perses
796 2160 838 2201 ex
849 2136 1004 2203 Abrohom
1017 2156 1121 2197 verrin
1132 2136 1310 2215 religionem

210 2223 343 2301 petiisse,
355 2226 480 2308 ignique
496 2239 527 2287 et
542 2230 600 2287 soli
614 2230 736 2289 oivilem
750 2236 870 2287 tentum
888 2227 1003 2287 cultum
1018 2222 1212 2296 exhibuisse3
1237 2239 1310 2301 quse

212 2312 360 2369 sententie
382 2322 416 2369 ut
435 2332 514 2373 nove
534 2324 565 2373 et
584 2314 662 2395 feisa
683 2312 877 2397 disertissime
898 2312 1044 2370 refutetur
1056 2327 1074 2367 e
1088 2306 1308 2367 Montfsuoouio

211 2392 368 2474 Ana‘quii.
388 2396 498 2462 illum.
520 2411 590 2459 uiri
612 2404 735 2479 2purt.
756 2402 777 2461 2
795 2418 832 2477 p.
852 2396 925 2463 896.
968 2396 1058 2454 fenile
1082 2395 1165 2452 enim
1186 2388 1308 2471 Hydseo
1350 2386 1351 2397 ¹

212 2483 447 2542 oonoesserimue
463 2488 553 2545 unius
574 2486 788 2566 omnipotentis
802 2481 851 2542 dei
865 2484 1067 2562 oognitionem
1081 2477 1223 2538 hsbuisie
1236 2478 1308 2534 Per·

212 2582 276 2638 ses,
299 2562 464 2627 dummodo
475 2572 671 2650 ipse-eontra,
692 2571 932 2649 superstitiosum
944 2568 1037 2627 fuisse
1049 2566 1163 2625 nultum
1175 2582 1236 2643 quo
1247 2564 1308 2620 eius

210 2650 403 2709 insieetstem
417 2654 690 2735 prosequentum,
712 2672 774 2715 uon
789 2654 928 2735 deneget.
970 2670 1059 2727 utin,
1081 2662 1116 2709 ut
1130 2650 1231 2708 aiebst
1243 2648 1309 2706 Gie-

212 2750 300 2791 inene
312 2736 403 2795 Alex.
415 2738 534 2797 onnon.
539 2761 577 2817 p.
587 2744 642 2815 57,
663 2734 823 2822 ἆγᾶλραια
837 2737 893 2821 μὲν
906 2742 987 2801 θεοῦ
1000 2732 1038 2801 oti
1054 2732 1128 2813 gite
1141 2732 1194 2797 iiiii
1205 2734 1310 2803 didm

212 2813 423 2899 ὖπειὶήφσσιν
438 2817 706 2905 ὅπερἭληνες,
728 2820 800 2888 iiii
814 2820 876 2905 μὴν
889 2824 989 2907 ἴβιδας
1002 2822 1053 2885 καὶ
1065 2814 1244 2903 ἰχνεύμονας
1256 2840 1309 2879 sit·

212 2897 317 2985 driusi
331 2902 508 2990 Αἰγύπτιοι,
531 2903 607 2975 diiii
617 2915 680 2991 mie
690 2933 723 2973 re
735 2910 788 2974 iiiii
800 2904 885 2989 ὕδωρ
901 2908 944 2984 dr
956 2904 1132 2985 φιλόσοφοι.
1175 2922 1252 2988 queo
1265 2922 1309 2961 ee-

212 3000 261 3049 set
275 2992 437 3053 Persarum
449 2996 575 3075 religio,
596 3002 699 3077 pineis
714 3000 854 3077 exposuit
868 2993 1038 3056 Herodotus
1053 2997 1069 3056 1
1093 2995 1166 3057 tot.

296 3074 350 3139 41.
394 3080 470 3160 quid
483 3080 616 3161 hiseget
631 3083 761 3142 Celtious
774 3081 914 3155 Rhenus,
936 3082 1026 3159 plene
1044 3096 1106 3137 non
1125 3074 1227 3137 video.
1269 3080 1308 3131 nt-

213 3176 274 3239 que
297 3180 353 3239 ego
375 3182 448 3223 sene
467 3167 608 3241 nehem,
631 3168 707 3252 quid
730 3168 858 3227 voluerit
875 3164 995 3241 Pisida,
1017 3184 1067 3223 me
1084 3164 1203 3221 nescire
1219 3160 1308 3229 nuri,

213 3262 307 3322 quein
323 3249 463 3310 inanibus
475 3254 652 3312 nonienturis
666 3265 698 3312 te
712 3251 856 3313 detinere.
899 3270 1005 3310 verum
1017 3270 1056 3308 ue
1070 3250 1145 3307 vitio
1156 3244 1236 3305 inihi
1248 3264 1309 3304 ver·

213 3336 276 3401 (θ’,
300 3330 385 3409 quod
402 3334 695 3415 alioquin-garrulae
713 3336 764 3397 hio
781 3339 1002 3411 obmutesoem,
1025 3338 1066 3393 ite
1086 3334 1211 3392 ariolor.
1224 3330 1309 3390 celii·

213 3432 285 3471 oum
302 3412 445 3477 Rhenum
464 3423 624 3481 nomime
644 3422 749 3483 Riside
768 3423 921 3483 finenem
943 3424 1031 3481 iiinin
1053 3418 1171 3478 eisdem
1192 3418 1308 3477 foruoe

213 3495 368 3579 designat,
390 3523 483 3584 quein
502 3507 691 3587 sigeberun,
713 3506 821 3569 Rheno
841 3510 966 3567 treieoto
985 3508 1104 3566 Hunnis
1116 3507 1149 3563 in
1160 3505 1309 3563 liranum

394 3720 402 3733 .
935 3700 945 3737 i
968 3700 984 3737 e
1006 3698 1022 3737 e
1296 3700 1308 3713 ·

214 3754 287 3816 deni
307 3757 489 3822 deseribunt·
504 3690 635 3846 pitequh
646 3698 886 3845 fflgdtrehue
902 3698 1005 3825 oougtre
1019 3764 1126 3821 Persei
1140 3694 1187 3819 ff
1190 3760 1308 3838 gessisse

214 3843 390 3905 Heraclium
409 3850 443 3907 in
463 3850 584 3909 Oriente
599 3870 692 3931 quun
705 3862 807 3911 oontre
819 3850 962 3911 hodierni
977 3849 1169 3927 sigebertum
1183 3848 1218 3905 in
1233 3842 1307 3905 (ioti-

214 3924 305 3987 dente
324 3932 428 3991 forsan
448 3932 549 3992 innuit
566 3940 673 4014 podts3
699 3938 761 3995 nisi
777 3938 870 3995 etiem
889 3934 978 3994 melis
997 3952 1060 3994 non
1076 3930 1116 3991 od
1127 3930 1307 4011 sigebertum

213 4010 268 4072 sed
283 4011 325 4072 ed
335 4017 541 4096 Degobertum
553 4021 698 4080 Rrsneiee
714 4040 818 4101 regem
833 4022 1020 4102 respexisse,
1042 4020 1096 4100 qui
1109 4036 1170 4099 qno
1184 4026 1306 4094 tempas

212 4097 370 4159 Hersoiins
383 4120 454 4162 oum
465 4105 567 4165 Persis
577 4106 748 4187 pugnabit,
768 4106 908 4169 Senones
919 4109 1053 4186 primum
1064 4114 1095 4163 et
1108 4100 1221 4163 deinde
1233 4098 1307 4161 Sals-
