2792 4709
353 210 607 283 ntscnnrto
631 211 667 281 S.
692 210 882 282 sorrntn.
1097 210 1170 283 111

65 400 171 443 utum
187 378 344 443 interdurn
360 378 453 454 dnos,
476 379 549 459 plut
562 372 678 457 cinisio,
707 373 812 443 ἄλλοτε
823 375 859 442 dl
869 370 945 454 tn'n,
959 376 1036 439 'fieri
1053 374 1171 455 debere,

64 468 192 529 tandem
212 468 358 546 angelum
379 466 567 545 imperatoris
587 460 694 525 habitu
714 463 943 525 architectorum
959 464 1104 542 magistro
1115 484 1171 545 ap·

66 558 221 634 paruisse,
250 554 499 633 praecepisaeque
520 559 555 609 ut
577 552 728 632 τρίφωιος
748 545 829 630 prio}
850 570 906 611 ssu
924 550 1038 629 triplex
1056 549 1171 608 concina

64 642 159 713 fieret,
174 650 207 697 et
224 634 278 701 tant
291 642 381 718 spicio
395 640 503 709 anniv,
521 654 574 715 per
588 636 740 715 triplicem
752 636 900 715 porticum
915 635 972 714 (ita
986 638 1171 715 superiorem

64 722 198 783 conchae
217 724 509 783 enumerationem
523 722 675 800 appellare
691 719 831 779 videntur
843 718 1022 799 Graeculi),
1052 739 1171 781 sacrum

64 812 152 869 &naa
169 811 223 870 rel
235 813 339 888 ipsum
354 810 448 867 altare
464 806 700 882 illuminaretur,
729 808 763 865 in
777 809 899 866 nome
914 808 1006 885 patris
1021 816 1051 864 et
1069 806 1125 863 filii
1139 817 1171 867 et

62 898 187 975 apiriam
212 897 331 967 sencti3
361 903 452 973 atque
479 894 522 951 ita
548 893 697 973 triplicem
723 888 871 951 concham
897 892 1064 953 confectam
1091 911 1168 953 esse.
1184 897 1207 951 P
1224 896 1276 951 668

63 984 240 1062 quasivero
253 991 415 1058 autequam
429 979 513 1057 operi
530 996 655 1037 menum
670 974 874 1037 admovissent
887 975 1056 1052 architecti,
1078 980 1168 1040 totins

63 1065 147 1125 aedis
164 1086 232 1125 uon
243 1067 351 1125 fuisset
367 1063 518 1123 delineata
529 1063 627 1123 forma
640 1082 674 1121 ac
688 1061 799 1141 ligura,
829 1058 911 1143 qnod
928 1062 1038 1123 diserte
1054 1061 1092 1123 de
1107 1063 1169 1123 So-

62 1150 176 1231 phinna
189 1149 285 1209 tradit
295 1151 474 1230 Procopius,
496 1149 548 1207 nbi
561 1146 598 1206 de
611 1145 776 1209 Anthemio
790 1147 969 1209 architecto:
993 1145 1075 1207 huuc
1085 1151 1167 1209 enirn

63 1234 242 1297 condendae
269 1233 353 1295 aedis
377 1236 505 1313 liguram
525 1230 691 1293 delineatae
711 1253 746 1293 ac
766 1230 938 1313 designante
956 1234 1077 1293 acribitt
1105 1240 1168 1297 τόν
1259 1289 1263 1294 ,

63 1319 281 1403 γενησομένων
293 1314 558 1401 προδιασκευᾶζων
572 1313 746 1397 ἰνδάλματα.
787 1321 833 1379 ita
852 1322 967 1399 passim
985 1338 1082 1397 nugas
1097 1338 1167 1379 auos

65 1410 212 1486 imperitis
237 1405 396 1465 venditant
416 1406 587 1484 nugigeruli
607 1424 643 1464 ac
663 1406 842 1465 recentiores
853 1407 970 1465 Graeci.
1011 1407 1166 1465 culturom

64 1494 101 1551 ab
121 1492 182 1551 hac
201 1492 315 1571 triplici
333 1488 447 1551 concha
468 1490 630 1549 τνίεΙιοναηι
645 1491 782 1567 aperilem
797 1487 909 1551 dictam
920 1490 986 1551 vult
1000 1491 1166 1571 Salmasius

64 1578 143 1658 apud
151 1580 339 1637 Paulinum:
357 1576 492 1655 reliquis'c
503 1576 707 1653 apostolorum
721 1586 750 1632 ct
760 1586 926 1655 martyrum
936 1579 1017 1635 intra
1030 1576 1167 1654 opsidm

63 1664 229 1721 vadorum
249 1662 307 1721 suh
325 1661 419 1721 altari
432 1664 568 1721 encratia
614 1663 658 1720 sic
673 1662 755 1719 euim
767 1659 932 1739 legendum
946 1660 1099 1721 contendit
1111 1677 1166 1741 pro

64 1749 198 1809 menore
214 1746 273 1807 cub
294 1747 422 1819 αἰωνὰι,
443 1750 492 1805 cni
510 1746 663 1806 subscribo
685 1747 810 1818 lubens,
839 1766 909 1807 cnm
930 1749 1054 1805 unicum
1076 1747 1167 1805 fuerit

64 1836 159 1893 altare
172 1836 206 1891 iu
221 1832 327 1913 apside
342 1850 396 1892 sen
410 1831 531 1907 absida,
553 1843 643 1913 atque
658 1830 734 1891 adeo
748 1834 781 1891 in
793 1842 857 1890 tota
871 1830 947 1891 aede
962 1851 1060 1906 sacra,
1085 1830 1168 1911 qnod

64 1931 94 1977 et
107 1920 188 1979 inira
204 1921 278 1979 satis
294 1917 417 1977 indicat.
460 1938 532 1977 narn
547 1925 662 1977 constat
675 1916 807 1977 nonore
820 1915 1003 1981 dictafuisce
1018 1936 1055 1975 ea
1071 1918 1169 1978 tricli-

64 2008 115 2063 nia
131 2023 212 2087 qnae
233 2005 329 2063 tribus
350 2006 476 2065 cameris
494 2002 615 2063 conchis
630 2013 681 2062 ant
695 2002 831 2084 pertibm
845 2004 1035 2077 constabant,
1064 2005 1167 2063 cuim-

63 2088 149 2149 rnndi
170 2090 231 2149 fuit
249 2088 329 2149 illud
344 2088 383 2149 de
401 2108 461 2170 qno
472 2090 649 2169 Spartianus
662 2088 695 2147 in
709 2091 773 2147 vita
784 2090 960 2147 Pescennii:
982 2088 1088 2147 domus
1104 2090 1168 2147 enas

63 2175 155 2235 hodie
167 2176 276 2235 visunt
288 2177 322 2233 s‘n
338 2195 444 2253 canapo
461 2176 556 2245 Iovis,
578 2192 656 2254 qrsos
670 2174 845 2253 appellatur
861 2176 1033 2244 Pescennii,
1054 2176 1089 2232 c‘n
1105 2194 1169 2254 qua

63 2260 266 2319 cnnnlnernnc
278 2262 342 2319 οιίιε
356 2262 390 2319 in
404 2260 532 2319 trichora
546 2261 708 2319 conctituit.
751 2279 851 2339 neque
865 2262 948 2319 enim
962 2257 1073 2317 arridet
1085 2262 1169 2320 eius-

63 2345 138 2405 dem
152 2346 295 2406 Salmasii
307 2348 492 2420 coniecnua,
525 2348 578 2425 qui
592 2342 758 2406 trictionem
775 2344 931 2423 festigium
950 2342 1058 2403 domus
1071 2346 1168 2404 inter-

64 2442 203 2511 pretatus
217 2440 272 2489 eat.
292 2450 365 2489 nam
379 2428 517 2491 hocloco
530 2430 694 2489 uncorum
710 2441 757 2489 ast
770 2431 936 2490 triclinium
947 2430 1034 2491 istius
1049 2428 1167 2502 domus,

65 2518 178 2589 tribns,
211 2526 245 2575 ut
267 2513 351 2591 dixi,
384 2519 509 2577 cameris
533 2526 689 2589 constans,
719 2512 887 2574 cuiusmodi
900 2524 970 2573 snut
983 2516 1017 2571 in
1034 2515 1166 2593 antiquus

64 2604 257 2661 monasteriis
275 2602 447 2675 refectoria,
479 2621 556 2682 quae
569 2598 642 2659 inde
659 2599 792 2659 nichnm
805 2608 835 2657 et
849 2598 992 2657 trichnria
1008 2600 1169 2679 appellan-

66 2698 127 2745 tur.
153 2688 254 2747 Gloss·
267 2687 381 2745 Saxon.
396 2688 536 2745 Aelfrioi:
569 2688 725 2743 Tricorium
736 2682 787 2747 val
804 2683 997 2755 linearum,
1018 2686 1167 2745 Gerenrd-

67 2772 136 2831 hns.
153 2774 175 2831 i.
193 2770 301 2831 domus
317 2773 504 2843 resectionis3
528 2790 588 2852 qua
604 2773 727 2830 notione
742 2769 895 2829 octonum
915 2791 971 2831 sen
992 2769 1167 2832 cutoriam

68 2872 195 2937 usurpat
209 2856 366 2917 ordericus
381 2859 485 2917 Vitnlis
499 2860 521 2916 1.
536 2862 554 2919 3
569 2868 599 2915 et
612 2860 630 2919 6
655 2876 685 2935 p·
700 2854 763 2921 495
782 2867 812 2913 et
827 2860 899 2923 603.
944 2868 975 2915 at
987 2858 1114 2916 loannes
1128 2856 1167 2916 da

67 2946 161 3001 lanua
180 2942 494 3001 achartumnam
513 2945 594 3001 trino
609 2943 834 3001 convivantium
856 2944 982 3002 nescim
995 2943 1167 3001 ordisutnm

68 3048 134 3087 esse
148 3030 208 3103 ait,
236 3026 493 3107 quemadmodum
511 3029 609 3089 solent
630 3025 771 3087 monachi
783 3028 816 3085 iu
834 3030 897 3087 suis
910 3028 1076 3085 refectoriis
1092 3045 1166 3085 con-

69 3112 179 3173 sidere.
211 3114 354 3191 Ugntioui
367 3131 438 3172 vero
456 3112 565 3173 dicitnr
578 3112 752 3171 trr'olcorr'um
764 3112 849 3169 locus
862 3114 947 3170 incia
960 3114 1062 3191 ignens
1072 3132 1167 3169 consa

65 3200 204 3275 prandii,
234 3196 347 3255 tatem
367 3218 502 3257 camene
522 3198 572 3257 vel
585 3209 644 3257 trec
657 3196 791 3257 abndne.
835 3195 1029 3255 cotuchomm
1039 3198 1167 3257 occurrit
1256 3232 1258 3243 ·

68 3286 100 3341 in
119 3285 315 3363 inscriptione
337 3281 376 3341 ad
392 3284 554 3343 fonteius·
568 3280 719 3356 Theclae,
747 3278 912 3341 Mediolani
927 3282 990 3343 ιδ.
1006 3282 1166 3344 Ambrosio

70 3379 209 3444 curan,
238 3367 321 3449 apud
333 3369 450 3429 Gruter.
467 3371 548 3434 1666
569 3372 601 3433 8·
643 3370 788 3446 itapnrro
802 3364 1082 3447 conchaSnphiana
1097 3367 1167 3425 effi-

68 3465 112 3513 cta
126 3465 190 3527 eat,
221 3464 256 3513 ut
277 3454 356 3513 ultra
377 3456 472 3534 pilas,
502 3464 533 3513 et
555 3472 614 3535 qna
628 3463 714 3534 perte
729 3455 860 3532 parietes
876 3451 917 3513 ad
931 3454 1025 3514 latera
1038 3453 1168 3513 benuntia

69 3538 228 3613 desinunt,
249 3541 364 3597 sinuari
378 3542 502 3619 incipiat
515 3542 548 3597 in
560 3540 691 3599 fonnem
704 3536 934 3618 hemioylindri‚
956 3559 1011 3599 scu
1026 3540 1080 3597 ubi
1095 3558 1168 3618 prn-

69 3644 185 3683 cnrrere
207 3635 325 3683 cessant
349 3628 482 3703 porticus
504 3627 537 3683 in
558 3626 699 3685 interiore
719 3623 812 3699 aede3
856 3624 939 3705 quod
958 3625 1104 3686 Paulinus
1129 3622 1169 3683 da

69 3711 180 3789 templo
195 3709 229 3769 S.
244 3710 354 3769 Felicis
367 3729 459 3789 agens
473 3713 516 3771 sic
532 3708 703 3790 descripsitt
735 3720 831 3769 murm
843 3729 912 3769 vern
925 3720 1009 3769 extra
1023 3710 1169 3769 concham

69 3794 210 3853 mulene
231 3798 364 3873 spatium
380 3796 443 3854 alto
458 3807 486 3853 et
503 3794 645 3855 lacunato
659 3796 791 3855 culmine
799 3797 931 3875 geminis
944 3796 1085 3874 utriusque
1093 3816 1170 3872 pon·

69 3880 174 3939 nribus
188 3879 347 3939 dicentur.
393 3880 478 3941 addit
490 3882 654 3961 Procopius
672 3880 803 3941 conchae
817 3879 989 3959 Sophianae
1008 3882 1168 3939 imminere

69 3969 166 4025 nescio
182 3984 278 4048 qnam
287 3976 466 4025 snnctnrasu
478 3970 624 4045 μηνοειδῆ
638 3986 692 4025 seu
707 3968 837 4026 bicornis
851 3967 941 4026 lunae
954 3968 1050 4028 lustin
1062 3968 1168 4023 sinue-

68 4062 144 4126 nm,
166 4070 248 4133 quae
261 4053 353 4111 simul
366 4055 568 4111 concinnitate
581 4050 827 4127 admirationem,
849 4053 941 4111 simul
958 4048 1068 4109 dubiae
1082 4068 1167 4108 cour-

69 4140 150 4215 pagis
161 4139 264 4215 specis
280 4140 422 4200 timorem
437 4140 533 4219 parit,
554 4149 588 4196 nt
603 4152 680 4219 qnae
696 4156 796 4217 neque
809 4135 948 4197 videatur
957 4133 1089 4215 pendere
1100 4144 1166 4209 tuo,
1376 4203 1377 4220 χ

70 4233 98 4281 et
107 4224 248 4305 quemvis
263 4222 434 4287 firmissime
446 4226 575 4301 nitetur,
598 4224 769 4304 pericnlum
780 4232 883 4285 tunica
897 4228 1028 4284 ostentet
1038 4220 1083 4281 ibi
1098 4238 1168 4278 rer·
1376 4237 1377 4304 p
