2792 4709
699 206 761 295 nu
786 203 928 274 caucn

261 628 293 689 1.
335 580 559 685 Exaudificato
582 632 613 684 et
629 624 788 685 moenibus
810 625 901 705 longe
922 622 1103 705 amplificato
1124 622 1293 704 Byzantio,
1312 644 1367 684 re·

263 714 381 790 torique
399 713 481 771 urbis
503 712 704 793 appellatione
723 714 757 769 in
775 730 865 771 suurn
879 730 992 771 nomen
1005 710 1171 785 uansfusa,
1192 711 1368 769 Constanti-

263 815 321 855 nus
340 799 382 855 M.
406 818 510 857 recens
531 796 733 857 Christianam
756 798 934 877 religionem
953 797 1130 875 amplexus,
1152 813 1231 855 auno
1246 796 1369 875 imperii

263 885 424 959 vicesimo,
445 884 594 963 templum
610 882 666 943 deo
681 884 893 962 omnipotenti,
915 884 963 940 cui
974 892 1072 940 toturn
1085 901 1118 941 se
1131 880 1368 956 commendarat,

264 972 433 1045 exstruxit,
456 967 593 1049 illudque
614 972 653 1053 τῇ
674 966 760 1052 Ἁγίᾳ
777 969 881 1052 Σοφίᾳ
894 987 949 1027 seu
967 966 1087 1025 divium
1101 968 1269 1045 sapientise
1284 966 1369 1025 dica-

264 1055 326 1127 vit,
349 1054 381 1113 id
398 1066 442 1113 est
456 1052 591 1114 Christo:
605 1053 714 1129 filiius
729 1072 859 1133 namque
871 1053 933 1125 det,
954 1063 987 1111 nt
999 1054 1041 1110 ait
1050 1054 1201 1130 Rupertus
1213 1050 1253 1109 de
1265 1055 1369 1112 Diria.

265 1140 344 1197 offic·
364 1144 403 1205 10
427 1138 483 1214 15,
508 1139 636 1199 dicisntw
650 1160 753 1197 veram
769 1149 798 1196 et
811 1136 1087 1197 incomputabilem
1101 1139 1296 1215 septenorum,
1316 1158 1372 1216 per

267 1246 360 1305 quom
385 1228 556 1283 ursiversnm
579 1225 714 1283 condidit
732 1234 911 1283 creaturam.
955 1224 1115 1303 Byzantini
1134 1233 1236 1281 eutem
1258 1228 1372 1283 omisso

265 1306 366 1390 Ἀγίας
388 1310 534 1369 vocabulo
557 1312 679 1389 Σοφίαν
703 1307 810 1369 aedem
823 1312 914 1369 istam
928 1306 1010 1367 nude
1023 1307 1218 1389 postmodnm
1230 1312 1372 1390 appella-

267 1407 346 1454 runt.
389 1398 476 1455 istius
508 1394 690 1455 conditorem
715 1406 880 1475 agnoscunt
904 1396 1133 1455 Constantinum
1152 1392 1372 1475 Theophanes,

268 1480 432 1556 Gedmnns,
459 1482 578 1561 Glycas,
600 1482 712 1540 Paulus
728 1482 852 1540 Diacon.
866 1485 897 1553 2,
918 1478 1104 1560 Nicephorue
1120 1480 1296 1545 Callistum
1317 1482 1372 1556 49,

269 1577 301 1625 et
321 1577 468 1648 quotquot
489 1568 553 1625 fere
574 1568 761 1626 Constantini
776 1588 823 1627 res
839 1570 965 1645 attigere
981 1568 1151 1645 scriptores.
1192 1576 1224 1623 at
1237 1564 1374 1625 Codinus

268 1670 329 1711 non
344 1650 381 1710 de
392 1673 475 1717 ,noro
492 1653 639 1711 excitasse
652 1670 795 1730 magnam
807 1652 976 1725 ecclesiam,
997 1650 1052 1710 sed
1065 1649 1173 1709 aedem
1182 1669 1374 1731 paganorum

267 1740 351 1817 prius
367 1741 578 1815 exsistentem,
599 1736 690 1798 idolis
703 1748 734 1795 et
748 1736 874 1797 deorum
887 1738 1053 1797 simulacris
1067 1746 1242 1815 purgatam,
1265 1736 1308 1794 ad
1321 1758 1376 1797 ec-

267 1823 376 1881 clesiae
392 1822 577 1883 Christianos
593 1842 682 1881 usum
694 1824 869 1881 immutasse
884 1824 1111 1883 Constantinum
1122 1840 1280 1901 perperam
1295 1826 1375 1881 scri·

266 1912 344 1987 psit,
370 1930 439 1968 curn
454 1908 572 1969 disertis
585 1908 684 1968 verbis
699 1906 800 1967 tradat
811 1906 965 1967 Oedreum
982 1928 1000 1967 a
1015 1906 1222 1967 fundamentis
1236 1906 1375 1987 Sophia-

266 2014 340 2053 nam
362 1994 534 2055 aedificasse
558 1994 679 2069 aedem,
701 1996 845 2073 illiusque
865 1991 1038 2053 condendae
1056 1990 1229 2073 Euphratae
1250 1992 1376 2053 cuidam

267 2080 306 2137 ab
323 2100 357 2139 eo
373 2100 474 2140 curam
489 2075 713 2139 demandatum.
746 2078 830 2139 aedis
844 2080 1107 2139 Constantinianus
1116 2078 1215 2139 forme
1226 2080 1286 2139 fuit
1301 2079 1375 2139 dro-

264 2167 361 2239 mico,
383 2163 475 2225 idest
491 2164 652 2247 quadrata,
674 2162 730 2225 sed
747 2165 913 2244 oblongior.
955 2167 999 2224 ita
1019 2166 1101 2223 enim
1123 2159 1270 2245 δρομικόν
1291 2168 1376 2224 acci-

265 2248 414 2330 piendum
435 2262 557 2311 causent
578 2250 715 2331 plerique
736 2272 753 2311 e
773 2247 972 2325 doctioribus,
993 2252 1050 2309 etsi
1062 2250 1192 2309 Allatim
1205 2263 1375 2330 repugnet3

264 2333 346 2395 unde
368 2348 447 2396 recte
470 2335 660 2397 Theodosius
676 2338 859 2418 Zygomalas
880 2334 982 2417 (apud
997 2338 1136 2396 omnium
1147 2356 1179 2415 p.
1191 2335 1277 2415 201)
1302 2338 1377 2415 δρο-

266 2416 372 2503 psso'v,
396 2422 478 2502 quod
492 2432 537 2482 est
550 2423 639 2502 disqu
652 2420 828 2504 νάρθηκος,
849 2430 879 2481 et
894 2426 958 2485 πᾶν
973 2418 1118 2502 δρομικόν
1135 2415 1280 2501 νάρθηκα
1295 2420 1376 2481 dixit

265 2507 747 2677 tttt¹¹ttt..tl³t².⁰³².tti;t
758 2506 1059 2675 ῗζᾷῗῗοίῖἶοὲξξ
1072 2506 1377 2652 illitati

269 2682 428 2755 cursoriis,
453 2683 574 2761 quaein
586 2682 733 2739 maiorem
747 2679 968 2757 longitudinem
983 2698 1076 2759 quam
1089 2674 1282 2736 latitudinem
1302 2700 1377 2759 por·

270 2765 418 2841 rigantur.
461 2784 588 2843 magnae
604 2767 696 2842 igitur
708 2766 852 2823 ecclesiae
866 2765 1127 2824 Constantinianus
1137 2763 1268 2823 formam
1280 2764 1377 2825 fuisse

271 2845 437 2907 drornicom
452 2860 578 2907 testatur
593 2847 726 2908 Codinus
741 2851 774 2907 in
788 2850 890 2907 Descr.
909 2850 942 2907 S.
959 2847 1102 2927 Sophiae.
1145 2846 1230 2907 addit
1245 2852 1378 2930 Anony-

270 2952 340 2992 rnus
368 2943 470 2991 auctor
500 2932 707 3011 descriptionis
731 2931 867 2992 eiusdem
890 2931 989 3009 aedis,
1018 2954 1037 2992 a
1061 2934 1239 2993 combefisio
1265 2934 1379 3011 editus,

270 3014 379 3098 ὁμοίαν
398 3020 492 3077 fuisse
511 3022 567 3081 τοῦ
587 3016 675 3101 ἇγίου
687 3012 885 3098 Ἀνδρονίκου
900 3018 951 3080 sul
966 3024 1023 3082 sori
1035 3016 1124 3101 ἆγίου
1134 3012 1293 3095 Ἀνανίου,
1319 3042 1379 3103 qno

270 3104 339 3164 loco
356 3108 491 3184 apposite
505 3098 710 3186 ’Λγυθονίνου
726 3124 780 3185 pro
793 3098 1006 3184 Ἀνδρονίκου,
1027 3108 1145 3184 reponit
1159 3105 1379 3167 combefisius:

271 3190 356 3247 nulle
376 3192 457 3249 enirn
476 3190 509 3249 S.
522 3188 685 3249 Andronici
702 3189 793 3249 aedes
807 3192 933 3249 occurrit
946 3201 1099 3249 exstructa
1113 3191 1216 3270 cpoli,
1235 3192 1381 3270 Agatho·

269 3276 331 3333 nici
344 3295 415 3334 rero
430 3295 448 3334 a
463 3276 658 3333 Corrstantino
671 3274 790 3333 condita
802 3276 913 3355 legitur
925 3274 1007 3355 apud
1019 3274 1199 3349 Cedrennm,
1220 3277 1381 3357 Nicepho-

270 3366 370 3425 rum?
394 3363 451 3437 49,
473 3358 600 3421 Suidam
620 3360 703 3417 verb.
724 3362 857 3440 Βηρίνη,
880 3371 911 3419 et
929 3359 1079 3419 Godinum
1097 3363 1130 3419 in
1147 3364 1229 3440 Orig.
1241 3364 1381 3423 Lambe-

270 3446 364 3504 cianis
386 3466 418 3525 p.
440 3450 480 3509 37
502 3457 532 3505 et
552 3444 602 3509 38.
647 3446 701 3526 qui
724 3443 848 3526 perinde
873 3441 1022 3528 δρομινήν
1045 3447 1139 3507 fuisse
1162 3448 1320 3524 scribunt,
1353 3458 1382 3506 et

269 3549 361 3610 quem
386 3528 516 3611 denique
541 3532 574 3589 in
597 3533 803 3610 augustiorem
822 3532 952 3591 formem
973 3534 1136 3591 excitatam
1157 3532 1248 3591 refert
1264 3536 1382 3594 Proco-

268 3617 337 3694 pius
356 3613 394 3675 de
411 3616 513 3675 Aedif.
531 3618 549 3679 1
575 3616 606 3680 5.
649 3620 792 3675 Acaciani
806 3627 909 3675 autern
920 3620 1029 3699 templi
1041 3621 1156 3677 mentio
1170 3629 1216 3676 est
1228 3619 1264 3675 in
1278 3620 1383 3679 Veteri

268 3702 358 3759 Urbis
375 3700 592 3781 descriptione,
615 3703 667 3760 ubi
687 3704 719 3760 in
739 3705 780 3766 10
797 3704 920 3781 regione
934 3706 1091 3778 statuitur,
1112 3705 1179 3764 loco
1195 3706 1383 3782 Heptsscalo

268 3798 461 3866 nuncupato,
488 3798 522 3845 ut
544 3797 589 3845 est
610 3786 691 3867 apud
712 3788 868 3849 Socratem
888 3792 909 3850 2
930 3790 971 3853 38
993 3798 1024 3847 et
1044 3792 1064 3853 6
1086 3792 1146 3867 23,
1172 3788 1383 3869 Nicephorum

269 3872 352 3935 338
377 3882 407 3933 et
428 3876 447 3935 9
471 3871 530 3947 42,
554 3870 740 3948 cedrenum,
763 3875 913 3954 Synaxar.
934 3884 992 3932 etc.

160 3962 252 4021 9526
355 3961 385 4021 2·
429 3960 543 4017 Verum
564 3978 633 4017 cum
653 3962 781 4017 nimium
804 3970 931 4038 angusta
951 3962 1017 4018 visa
1036 3968 1115 4019 esset
1130 3959 1381 4018 Constantiniana

271 4040 361 4101 aedes
381 4046 530 4101 necastis
551 4060 663 4120 capax,
694 4045 745 4101 rel
766 4042 864 4123 quod,
893 4055 927 4102 ut
955 4047 1008 4102 alii
1034 4044 1155 4118 volunt,
1187 4046 1380 4116 concidisset,

22 4154 26 4171 ·
140 4124 144 4135 '
271 4128 350 4187 forte
373 4148 413 4187 ex
432 4129 695 4202 terraemotibus,
725 4129 916 4189 constantius
938 4131 1125 4189 Constantini
1145 4128 1226 4188 filius
1248 4131 1295 4191 ad
1318 4150 1381 4191 eam

273 4212 522 4292 amplitudinem,
551 4232 612 4293 qua
636 4212 830 4292 postmodum
854 4226 1014 4295 conspecte
1036 4226 1098 4294 est,
1119 4214 1279 4297 perduxit.
1327 4218 1381 4279 So-
