2792 4709
368 220 424 287 ll)
448 215 730 289 menteomni
752 215 907 289 NOTAE.
1111 216 1185 289 121

93 400 163 443 runs
176 380 276 445 hiatus
290 394 345 445 est.
377 402 470 467 qnare
485 384 625 445 asteriaco
640 381 808 444 notandum
820 379 903 442 hanc
912 382 1015 443 locum
1029 381 1187 446 existimo:

92 488 193 551 neque
205 472 285 530 enim
297 468 372 531 adeo
383 472 524 550 supinum
537 470 630 529 fuisse
644 467 847 551 Nicephorum
860 469 986 529 arbitror
995 479 1031 528 nt
1040 488 1189 531 annornm

93 556 137 621 27
150 576 198 617 res
213 568 311 635 gestes
327 578 367 615 ne
380 557 467 615 litera
483 553 606 663 quidem
621 558 762 637 attigerit.

179 659 210 720 P·
226 644 267 705 86
280 662 310 700 ι.
328 644 378 706 17
399 640 451 704 sci
463 635 572 704 τούτου
584 634 623 721 rip
625 638 774 720 ξαμέιου]
796 640 1007 701 Constantinus
1020 642 1193 720 Pogcnatns

95 726 288 785 Constantem
301 728 423 805 excipit.
446 728 531 785 onius
545 727 730 805 temporibus
744 726 887 785 Saraceni
899 725 1034 784 Africam
1045 737 1075 785 et
1086 727 1195 786 Orien-

94 820 160 870 tem
174 820 310 871 rastnnt.¹
343 832 442 893 neque
463 822 565 870 tamen
591 822 660 870 ante
682 830 797 871 annum
812 807 903 869 huius
920 812 1040 890 imperii
1055 814 1197 891 quintum

93 897 129 955 in
144 894 309 956 Thraciam
322 900 510 976 navigarunt.
539 914 599 977 quo
615 915 693 957 anno
711 896 749 956 ab
765 897 865 976 Aprili
880 915 985 954 mensa
1000 894 1040 954 ad
1055 899 1197 976 Septem-

94 982 182 1039 brem
194 1000 291 1063 usque
306 985 446 1044 continuo
460 992 626 1063 pugnatum
640 992 703 1059 est,
731 992 762 1041 et
776 992 863 1063 cepta
875 982 985 1064 Cyzico
999 980 1198 1063 ibidemlhie-

94 1076 228 1127 marunt.

181 1172 212 1231 p·
225 1154 265 1217 87
278 1170 308 1211 v·
323 1154 356 1217 6:
398 1148 472 1215 {arrd
488 1144 546 1217 osio
559 1151 647 1235 ἔιισι]
664 1153 767 1213 scribit
774 1147 980 1233 Theophanes
994 1162 1026 1211 et
1040 1150 1195 1213 cedrenus

96 1254 127 1295 a.
141 1238 330 1297 Constantini
342 1240 363 1301 9
376 1237 537 1299 lilardaitas
551 1240 701 1298 Libanum
716 1248 852 1297 montem
868 1257 1038 1317 occupasse,
1060 1250 1196 1297 tanturn-

96 1341 159 1403 que
181 1322 315 1381 barbaris
332 1324 470 1384 iniecisse
490 1333 635 1384 terrorem
647 1336 681 1383 ut
696 1344 803 1405 pacem
815 1326 897 1383 illico
910 1344 929 1382 a
940 1326 1083 1383 Romanis
1098 1325 1196 1403 petie-

96 1408 169 1467 rint.
217 1409 279 1467 iam
300 1406 381 1489 quod
399 1414 420 1474 7
438 1420 516 1469 totos
534 1430 627 1469 annos
646 1408 697 1469 hic
713 1419 816 1469 noster
834 1411 933 1467 innuit
954 1408 1108 1469 obsessam
1129 1428 1195 1468 essa

96 1493 227 1572 Cpolim,
239 1491 322 1552 idam
333 1490 485 1555 cedrenus
497 1514 534 1554 ao
542 1492 747 1575 Theophanes
759 1495 907 1553 affirmare
920 1492 1070 1552 ridentur.
1090 1514 1198 1553 rerum
1212 1498 1234 1553 P
1250 1498 1288 1555 7⁵

96 1578 156 1637 sub
174 1581 238 1639 eins
254 1582 380 1658 irnperio
394 1581 581 1640 Constantini
599 1600 660 1639 non
675 1582 736 1639 nisi
754 1598 832 1637 anno
847 1579 867 1642 5
880 1583 913 1636 in
928 1577 1091 1639 Thraciam
1104 1578 1198 1638 delati

96 1671 187 1739 sant,
215 1661 381 1745 eodemque
404 1682 482 1725 anno
503 1666 672 1726 consectum
687 1676 734 1724 est
750 1684 807 1744 ope
821 1662 922 1722 divina
934 1665 1060 1723 bellum.
1104 1683 1198 1746 quere

99 1768 171 1807 oum
185 1749 325 1827 ambigue
339 1750 501 1830 loquantur
514 1752 578 1826 illi,
601 1748 639 1809 de
656 1760 720 1809 toto
735 1751 809 1808 belli
825 1760 978 1829 tempore,
1009 1748 1198 1831 quodetiam

99 1834 157 1893 snb
172 1835 332 1893 Constante
344 1846 463 1913 gestunn
477 1846 532 1912 est,
554 1855 609 1916 par
621 1846 666 1895 est
680 1855 828 1895 annorum
841 1854 1002 1893 numerum
1016 1838 1121 1914 accipi.
1151 1846 1200 1894 et·

101 1922 184 1978 eninr
198 1938 227 1977 a.
241 1922 306 1978 eius
318 1923 359 1983 26
374 1918 595 1980 Cbaloedonem
611 1922 730 2001 appulsi
743 1921 878 1978 maxima
892 1919 964 1979 inde
983 1918 1095 1999 praeda
1110 1922 1200 2000 potiti

99 2014 188 2079 sunt,
218 2024 236 2062 a
258 2022 317 2087 qno
334 2004 566 2085 temperanda.
583 2008 731 2085 Pogonati
749 2008 888 2088 quintum
903 2008 974 2063 enni
988 2016 1058 2064 sunt
1074 2009 1202 2085 septeni.

102 2092 187 2171 atqui
203 2092 295 2149 etiam
308 2108 337 2149 a.
351 2091 520 2152 Constantis
536 2096 575 2155 21
591 2102 621 2151 et
633 2090 776 2171 deinceps
789 2093 908 2170 saepius
922 2093 955 2150 in
968 2089 1134 2150 Threciam
1145 2111 1206 2149 ua·

101 2178 254 2253 rigarunt.
296 2194 368 2254 ergo
382 2178 425 2235 ita
436 2177 563 2236 forsitan
583 2174 789 2255 componenda
804 2196 853 2235 res
868 2186 929 2251 est,
952 2186 1001 2251 ut,
1030 2196 1206 2257 quenquam

101 2262 205 2341 plures
221 2278 317 2319 annos
332 2261 448 2320 bellum
462 2262 608 2337 tenuerit,
637 2273 740 2321 tamen
753 2264 876 2319 nonnisi
888 2262 999 2341 septies
1014 2262 1135 2341 Cpolim
1151 2282 1206 2321 us-

103 2364 165 2426 qua
186 2343 393 2425 populabundi
415 2348 614 2424 pervenerint.
666 2348 794 2424 insignis
820 2343 871 2403 hio
896 2365 993 2405 annus
1016 2348 1206 2405 Constantini

104 2432 227 2513 quintus
237 2431 296 2489 fuit
307 2432 455 2503 Graeculi,
477 2442 512 2489 ut
525 2441 643 2507 vocant,
664 2433 744 2509 ignis
757 2430 880 2489 artificio
893 2440 960 2489 tnm
976 2442 1104 2510 reperto,
1119 2434 1205 2491 cuins

104 2526 257 2575 auctorem
271 2514 430 2595 perhibent
444 2518 623 2576 Callinicum
637 2515 799 2599 quendam,
822 2512 1018 2575 architectum
1033 2518 1204 2598 Heliopoli-

104 2612 210 2661 tanum
223 2621 240 2659 e
252 2602 358 2681 Syria·
380 2621 440 2683 quo
454 2604 644 2707 potissimum
656 2602 774 2660 barbari
788 2602 938 2680 profligati
950 2612 1031 2660 sunt.

190 2684 234 2745 ib
257 2706 287 2745 v
311 2690 361 2751 10.
409 2684 487 2769 πρὸς
505 2684 539 2749 di
555 2694 618 2760 τοῖς
634 2682 814 2764 πελάζουσι]
837 2686 1005 2766 Sylaeum‘
996 2697 1076 2745 mter
1091 2687 1204 2767 Lyciae

105 2770 195 2831 urbes
216 2782 247 2830 et
260 2768 457 2851 Pamphyliae
478 2784 616 2831 numerat
634 2773 845 2831 Constantinus
864 2769 1052 2878 Porphyrug.
1074 2773 1098 2830 l.
1123 2777 1140 2836 1
1165 2772 1204 2832 de

105 2853 218 2916 Them.
233 2876 250 2915 a
266 2858 410 2916 Vulcania
423 2856 513 2917 edito.
544 2856 735 2938 Stephanust
756 2852 886 2920 Zeilssov
901 2854 990 2932 πόλις
1005 2858 1140 2941 Φρυγίας
1153 2854 1206 2921 acal

105 2945 162 3022 τῆς
176 2963 203 3005 ιι
216 2936 397 3026 διφθὸγγοο.
439 2939 519 3019 τινὲς
532 2940 566 3007 δὲ
579 2943 775 3025 Παμφυλίας.
815 2940 937 3003 adverte
950 2962 1006 3024 per
1022 2964 1058 3019 es,
1076 2963 1139 3003 non
1150 2963 1206 3024 par

106 3050 138 3091 ιιι
151 3024 353 3089 scribendum.

193 3112 235 3172 it.
257 3132 290 3171 ι.
310 3116 362 3177 12.
404 3109 425 3175 tl
446 3108 480 3176 di
498 3116 560 3175 sair
580 3110 789 3193 Σοιραιιηυιόν]
817 3111 926 3172 accidit
941 3109 1043 3172 hoca.
1059 3112 1209 3171 Constan-

108 3198 165 3257 tini
179 3202 210 3274 9
232 3216 301 3257 oum
316 3198 458 3259 Saraceni
473 3218 491 3257 a
506 3196 662 3258 Mardaitis
678 3198 787 3257 Libani
801 3201 913 3257 montis
928 3198 1125 3257 insessoribus
1137 3218 1209 3277 pre-

107 3294 271 3342 merentur.
314 3281 368 3342 sed
404 3281 465 3342 nod
479 3283 519 3342 ad
533 3285 639 3342 tributi
653 3303 805 3342 summam
821 3285 960 3363 pertinet,
982 3285 1073 3362 longe
1087 3304 1105 3342 a
1118 3286 1210 3341 Nice-

108 3366 204 3475 phoro
220 3366 349 3427 discedit
349 3302 584 3471 Theophanes,
614 3367 687 3427 dum
701 3370 744 3427 ait
758 3368 909 3471 iyypapor
927 3368 1073 3449 γενέσθαι
1087 3365 1211 3451 ιίρηιης

110 3448 183 3535 psd’
208 3450 301 3536 ὅρκου
322 3448 413 3536 λόγου
435 3454 484 3517 tet
508 3446 677 3560 saponiaco
698 3454 820 3534 ἐτησίαι
841 3449 959 3517 ιιιῖιιτου
976 3452 1212 3537 ααρὲχιαθαιηῖ

107 3538 257 3643 Ῥωμαϊκῇ
277 3541 412 3626 πολιτεία
433 3535 517 3639 πυροὶ
534 3544 596 3601 τῶν
610 3533 785 3623 Ἀγαρηιῶι
798 3558 911 3645 χρυοοο
898 3538 1062 3645 χιλιάδας
1074 3538 1139 3617 sti,
1160 3536 1214 3599 sol

111 3620 226 3705 ἄνδρας
245 3600 484 3727 ρίχμαλιὸιοος
463 3650 484 3705 η
499 3620 652 3705 χιλιάδας,
679 3626 862 3698 saliuncae
876 3616 1005 3706 ιιῖγιιιῐς
1021 3618 1060 3688 ι’.
1100 3625 1214 3683 imme-

110 3712 159 3767 nis
174 3712 343 3789 pensitatio.
387 3722 419 3770 at
434 3710 587 3771 Cedrenus
599 3711 757 3794 χρυσίουχ
758 3705 910 3784 strategi.

196 3814 228 3874 p
219 3798 282 3858 88
296 3814 326 3852 v·
342 3794 372 3859 5·
415 3792 534 3877 napi
499 3818 554 3878 ιηο
569 3796 731 3875 Messius]
740 3734 804 3853 κΙιίι
821 3794 924 3853 affinia
939 3792 977 3853 de
987 3792 1128 3872 Bulgaris
1141 3812 1214 3852 nar-

112 3888 158 3938 rat
175 3876 380 3959 Theophanes
401 3900 432 3960 p.
455 3884 565 3944 296-
574 3884 605 3946 8.
649 3882 770 3940 subiicit
790 3880 978 3939 Constantini
997 3876 1141 3939 adsersus
1161 3898 1213 3937 eos
1228 3891 1251 3945 Ρ
1268 3891 1304 3945 76

115 3964 350 4045 expeditionem.
399 3964 490 4023 huius
509 3967 702 4069 ιιαριιιβολῆρ
720 3967 860 4025 Latinam
877 3966 1153 4045 interpretationem
1172 3982 1214 4021 ex

114 4052 249 4111 Miscella
264 4050 352 4109 Pauli
362 4052 488 4109 Diaconi
501 4061 602 4131 petere
617 4052 717 4132 quiris
730 4062 838 4130 potest,
860 4071 914 4133 qur
903 4052 1095 4131 plerisque'
1086 4070 1118 4108 ιιι
1129 4050 1214 4107 libris

114 4134 335 4217 Theophanem
350 4135 525 4195 adverbum
539 4135 652 4211 reddit,
672 4138 850 4217 praesertim
863 4137 1095 4217 posterioribus,
1124 4144 1159 4193 ut
1174 4152 1215 4192 ex

114 4224 152 4281 iis
165 4242 244 4305 quae
258 4224 386 4303 sparsim
402 4224 617 4303 exscripsimus
633 4232 769 4283 constare
785 4232 895 4303 potest.
936 4242 1009 4283 nam
1022 4220 1171 4304 prioribus
1182 4222 1215 4279 in
