2792 4709
209 183 245 234 rr
673 153 846 230 Patavii

212 381 367 442 convertit.
409 375 464 438 sed
485 373 536 438 bie
557 385 708 459 postremo
728 381 877 457 quantum
894 370 1059 456 sapientise
1079 381 1152 432 tuae
1175 389 1254 432 cnm
1274 391 1323 430 re·

214 501 285 580 gina
305 507 401 558 matre
422 497 565 558 tribueret
585 493 732 571 ostendit,
760 512 831 554 cnm
856 491 947 553 ambo
967 500 998 550 te
1018 491 1136 552 ultimis
1158 512 1180 550 e
1203 491 1324 550 Gallim

213 609 322 677 finibus
352 616 543 690 exciverunt,
572 633 666 696 quem
691 611 896 676 formidolosis
921 611 1107 693 temporibus
1127 611 1163 669 in
1187 608 1321 692 quadam

214 739 298 799 velut
319 735 439 816 imperii
459 733 582 814 specula
603 734 799 811 collocarent,
825 728 979 816 siquidem
1005 739 1112 812 pacato
1133 730 1220 788 masi
1239 739 1322 788 uan-

213 856 367 938 quilloque
390 853 472 914 caelo
492 853 582 912 facile
603 854 698 914 cuivis
725 852 918 932 gubernatori
939 849 1089 928 creditur,
1119 849 1173 910 rel
1201 845 1321 908 medio-
1363 866 1365 908 ε

215 974 306 1033 criter
331 977 445 1054 perito,
472 973 505 1032 in
530 971 664 1053 periculo
692 990 784 1032 nemo
809 981 856 1031 est
880 972 934 1054 qui
960 990 1023 1032 non
1045 987 1133 1047 eum,
1158 971 1190 1030 si
1211 978 1318 1050 potest,

1363 1014 1365 1069 l

214 1090 376 1169 adsciscat,
399 1111 491 1175 quem
510 1092 743 1152 scientissimum
763 1088 1088 1173 prudentissimumque
1108 1089 1266 1169 cognorit.
1363 1072 1365 1126 ³

300 1215 337 1274 ln
367 1231 428 1294 quo
453 1229 550 1272 uuum
576 1219 623 1270 est
648 1210 775 1270 minime
795 1205 1063 1292 praetereundum,
1091 1205 1178 1292 qnod
1201 1205 1247 1268 ad
1265 1203 1319 1266 boc

216 1333 372 1430 negotium
392 1331 523 1390 multum
543 1331 687 1391 interesse
708 1331 817 1391 sentio.
857 1348 931 1389 nam
950 1329 1087 1410 plerique
1104 1330 1159 1410 qui
1173 1326 1321 1409 prodesse

1363 1202 1365 1253 i

215 1451 364 1532 sapientie
385 1469 440 1510 sua
461 1449 580 1532 publice
602 1449 739 1526 student,
762 1467 920 1531 operosam
938 1449 1026 1508 illam
1043 1446 1194 1508 duntaxat
1214 1467 1255 1508 ao
1274 1469 1322 1508 re-
1363 1450 1365 1487 ἵ

216 1569 273 1628 bus
296 1566 435 1648 gerendis
457 1573 652 1630 exercitatam
675 1567 835 1646 adhibent,
867 1587 936 1626 eam
965 1585 1037 1628 vero
1068 1587 1146 1650 quae
1174 1569 1209 1626 in
1238 1568 1320 1628 libris
1363 1588 1364 1641 ξ

219 1685 421 1770 doctrinisque
443 1691 591 1768 cernitur,
611 1699 757 1770 tanquam
779 1687 948 1758 civitatibus
967 1687 1108 1748 inutilem
1126 1686 1246 1748 feriatis
1266 1686 1320 1747 bo-

217 1807 353 1867 minibus
374 1808 559 1890 relinquunt.
600 1817 637 1866 tu
656 1825 729 1866 sero
748 1807 793 1866 sic
812 1816 972 1889 utramque
998 1804 1217 1866 admirabiliter
1237 1827 1320 1868 com·
1363 1842 1364 1875 ι

217 1925 329 2004 plexus
357 1945 405 2004 es,
436 1935 470 1987 ut
498 1945 568 1986 cum
594 1943 685 1984 nemo
710 1922 935 1984 nouandarum
957 1945 1059 1985 rerum
1078 1927 1195 1987 maiore
1213 1931 1318 2006 peritia

217 2044 273 2118 ait,
302 2055 369 2104 tum
394 2065 453 2107 usu
478 2047 633 2107 literarum
657 2063 694 2104 ac
714 2041 926 2126 philosophiae
945 2043 1046 2107 studio
1065 2042 1116 2106 bis
1135 2049 1318 2128 temporibm

219 2163 393 2224 antecellas.

303 2285 389 2344 Hanc
411 2285 494 2346 enim
514 2277 630 2368 primus
650 2285 730 2346 inter
752 2281 871 2362 Gallos,
891 2294 927 2344 ut
938 2283 994 2344 ille
1007 2281 1162 2366 quondam
1177 2287 1212 2345 in
1225 2288 1318 2347 Grae·
1363 2346 1364 2357 ,

212 2403 267 2462 cie
294 2405 447 2483 Socrates,
477 2407 673 2486 languentem
699 2406 734 2462 iu
759 2401 871 2464 scholis
892 2404 931 2463 ab
953 2405 1050 2464 otiosa
1069 2407 1317 2487 contemplatione

219 2541 339 2584 morum
360 2523 400 2584 ad
419 2527 581 2584 utilitatem
607 2542 757 2604 usumque
776 2523 971 2583 transtulisti
1006 2533 1073 2583 tum
1093 2543 1129 2584 ee
1150 2526 1316 2586 monimen·

1363 2544 1365 2581 l

1363 2584 1364 2607 t

218 2643 259 2702 tis
286 2641 437 2703 mandasti
465 2645 623 2724 plurimis,
659 2643 770 2725 quibus
797 2650 829 2701 et
855 2638 977 2703 dicendi
1003 2645 1118 2706 civibus
1138 2645 1201 2705 tuis
1222 2653 1253 2704 et
1273 2646 1316 2706 si-

218 2759 310 2819 vendi
331 2761 387 2822 tibi
409 2762 501 2822 etiarn
524 2781 559 2821 ao
580 2762 703 2844 reliquis
723 2761 866 2842 exempla
886 2763 1114 2843 praescriberes.
1156 2764 1266 2846 quibus
1287 2765 1315 2822 in

219 2879 305 2940 libris
327 2881 370 2940 ita
391 2883 509 2942 rinutis
530 2891 601 2942 tuae
621 2881 789 2960 imaginem
808 2879 1002 2962 expressisti,
1030 2891 1065 2941 ut
1085 2901 1137 2943 eos
1158 2902 1220 2944 una
1237 2885 1315 2944 selot

218 2999 347 3080 pignora
374 3000 554 3086 obsidesque
582 3001 677 3062 Gallis
708 2997 861 3077 moderes,
888 3009 924 3059 ut
949 3019 1029 3084 quae
1049 3011 1101 3062 tna
1121 3001 1224 3061 future
1243 3011 1315 3061 esset

219 3119 267 3176 rei
287 3119 429 3198 publicae
449 3121 599 3204 gerendae
621 3121 713 3198 ratio,
745 3128 892 3202 tanquam
918 3137 960 3181 ex
986 3120 1132 3202 praetoris
1149 3117 1249 3182 edicto
1268 3139 1314 3180 oo-

220 3249 417 3316 gnoscereut,
444 3260 544 3323 neque
572 3259 641 3300 eam
654 3256 804 3321 unquam
829 3239 922 3299 licere
946 3238 1118 3319 crederent,
1146 3259 1240 3323 qnam
1257 3250 1313 3300 tute

218 3355 277 3414 tibi
291 3359 516 3437 imposuisses,
547 3355 709 3440 personam
737 3355 907 3419 dett-abere.
956 3357 1040 3443 quod
1066 3358 1193 3442 quidem
1219 3360 1312 3441 paucis

222 3471 271 3536 liis
292 3478 463 3553 mensibus,
484 3497 526 3538 ex
546 3497 606 3562 quo
627 3497 766 3559 praeesse
787 3479 818 3539 ei
836 3480 956 3540 muneri
976 3481 1118 3561 coepisti,
1140 3483 1260 3563 egregie
1274 3487 1313 3539 est

223 3613 241 3654 a
263 3605 293 3654 te
313 3597 499 3676 perfectum
520 3617 619 3680 neque
640 3599 804 3680 quisquam
825 3597 957 3674 dubitet,
980 3599 1149 3659 cuiusmodi
1168 3599 1244 3661 haec
1261 3601 1313 3660 ini-

223 3715 266 3772 tia
293 3725 384 3792 sunt,
418 3719 491 3798 quin
521 3719 605 3778 brari
633 3735 689 3797 per
715 3727 747 3776 te
773 3714 864 3778 buius
883 3718 1004 3800 imperii
1024 3719 1108 3780 selus
1129 3721 1267 3783 constitui
1284 3735 1312 3776 ac

222 3835 326 3915 legum
349 3838 508 3897 auotoritas
529 3838 698 3918 recuperari
719 3837 823 3917 possit.

306 3957 371 4015 lieo
400 3965 434 4016 tn
461 3957 597 4037 graviore
623 3976 695 4018 cura
719 3957 810 4018 dmul
829 3975 866 4016 ac
885 3959 1060 4039 parfnucuss
1080 3957 1141 4019 eris
1160 3967 1194 4018 ct
1211 3954 1311 4019 mucra

223 4071 276 4132 illa
298 4077 383 4155 regui
401 4079 523 4156 negotia
544 4077 695 4158 sapienter
715 4076 894 4158 emicem,
919 4091 986 4141 tum
1005 4089 1037 4140 te
1057 4075 1099 4139 ad
1118 4075 1196 4139 haee
1214 4085 1310 4148 nasus,
