<?xml version="1.0" encoding="UTF-8"?>
<!DOCTYPE html PUBLIC "-//W3C//DTD XHTML 1.0 Transitional//EN"
    "http://www.w3.org/TR/xhtml1/DTD/xhtml1-transitional.dtd">
<html xmlns="http://www.w3.org/1999/xhtml" xml:lang="en" lang="en">
 <head>
  <title>
</title>
<meta http-equiv="Content-Type" content="text/html;charset=utf-8" />
  <meta name='ocr-system' content='tesseract 3.04.00' />
  <meta name='ocr-capabilities' content='ocr_page ocr_carea ocr_par ocr_line ocrx_word'/>
</head>
<body>
  <div class='ocr_page' id='page_1' title='image "./corpusscriptoru71theogoog/corpusscriptoru71theogoog_0361.png"; bbox 0 0 2792 4709; ppageno 0'>
   <div class='ocr_carea' id='block_1_1' title="bbox 126 998 1137 1329">
    <p class='ocr_par' dir='ltr' id='par_1_1' title="bbox 126 974 1137 1329">
     <span class='ocr_line' id='line_1_1' title="bbox 126 998 1137 1175; baseline 0.006 -32"><span class='ocrx_word' id='word_1_1' title='bbox 126 1035 229 1143; x_wconf 82' lang='lat' dir='ltr'>oo</span> <span class='ocrx_word' id='word_1_2' title='bbox 263 998 786 1175; x_wconf 71' lang='lat' dir='ltr'>oxpomnona</span> <span class='ocrx_word' id='word_1_3' title='bbox 820 1040 1137 1155; x_wconf 67' lang='lat' dir='ltr'>Poasloo</span> 
     </span>
     <span class='ocr_line' id='line_1_2' title="bbox 397 1244 870 1329; baseline 0.015 -6"><span class='ocrx_word' id='word_1_4' title='bbox 397 1248 441 1323; x_wconf 88' lang='lat' dir='ltr'><strong>M</strong></span> <span class='ocrx_word' id='word_1_5' title='bbox 476 1244 514 1323; x_wconf 92' lang='grc'>0</span> <span class='ocrx_word' id='word_1_6' title='bbox 549 1248 585 1325; x_wconf 89' lang='lat' dir='ltr'>N</span> <span class='ocrx_word' id='word_1_7' title='bbox 621 1248 642 1323; x_wconf 93' lang='lat'>1</span> <span class='ocrx_word' id='word_1_8' title='bbox 677 1247 712 1323; x_wconf 87' lang='lat' dir='ltr'>T</span> <span class='ocrx_word' id='word_1_9' title='bbox 748 1250 786 1328; x_wconf 92' lang='lat' dir='ltr'>U</span> <span class='ocrx_word' id='word_1_10' title='bbox 819 1254 870 1329; x_wconf 79' lang='lat' dir='ltr'>M.</span> 
     </span>
    </p>
   </div>
   <div class='ocr_carea' id='block_1_2' title="bbox 535 1493 742 1513">
    <p class='ocr_par' dir='ltr' id='par_1_2' title="bbox 535 1493 742 1513">
     <span class='ocr_line' id='line_1_3' title="bbox 535 1493 742 1513; baseline -0.01 -2"><span class='ocrx_word' id='word_1_11' title='bbox 535 1493 742 1513; x_wconf 57' lang='lat' dir='ltr'>ma</span> 
     </span>
    </p>
   </div>
   <div class='ocr_carea' id='block_1_3' title="bbox 71 1678 1179 4289">
    <p class='ocr_par' dir='ltr' id='par_1_3' title="bbox 71 1678 1178 1810">
     <span class='ocr_line' id='line_1_4' title="bbox 71 1678 1178 1810; baseline 0.006 -27"><span class='ocrx_word' id='word_1_12' title='bbox 71 1678 372 1784; x_wconf 66' lang='lat' dir='ltr'>Leonem-imum</span> <span class='ocrx_word' id='word_1_13' title='bbox 388 1742 425 1783; x_wconf 89' lang='lat' dir='ltr'>ae</span> <span class='ocrx_word' id='word_1_14' title='bbox 440 1742 519 1806; x_wconf 87' lang='lat' dir='ltr'>pene</span> <span class='ocrx_word' id='word_1_15' title='bbox 537 1721 728 1805; x_wconf 79' lang='lat' dir='ltr'>deploratam</span> <span class='ocrx_word' id='word_1_16' title='bbox 742 1727 837 1788; x_wconf 81' lang='lat' dir='ltr'>suieee</span> <span class='ocrx_word' id='word_1_17' title='bbox 854 1728 899 1788; x_wconf 80' lang='lat' dir='ltr'>rei</span> <span class='ocrx_word' id='word_1_18' title='bbox 914 1728 1053 1810; x_wconf 86' lang='lat' dir='ltr'>poblioae</span> <span class='ocrx_word' id='word_1_19' title='bbox 1068 1738 1178 1790; x_wconf 84' lang='lat' dir='ltr'>etatum</span> 
     </span>
    </p>

    <p class='ocr_par' dir='ltr' id='par_1_4' title="bbox 71 1808 1179 4289">
     <span class='ocr_line' id='line_1_5' title="bbox 73 1808 1179 1913; baseline 0.008 -47"><span class='ocrx_word' id='word_1_20' title='bbox 73 1819 245 1913; x_wconf 65' lang='lat' dir='ltr'>tumeam,</span> <span class='ocrx_word' id='word_1_21' title='bbox 267 1811 400 1869; x_wconf 73' lang='lat' dir='ltr'>extincto</span> <span class='ocrx_word' id='word_1_22' title='bbox 412 1808 530 1886; x_wconf 65' lang='lat' dir='ltr'>mea,</span> <span class='ocrx_word' id='word_1_23' title='bbox 552 1814 709 1872; x_wconf 78' lang='lat' dir='ltr'>flemoiine</span> <span class='ocrx_word' id='word_1_24' title='bbox 725 1832 818 1893; x_wconf 78' lang='lat' dir='ltr'>regno</span> <span class='ocrx_word' id='word_1_25' title='bbox 830 1818 943 1894; x_wconf 80' lang='lat' dir='ltr'>potitae</span> <span class='ocrx_word' id='word_1_26' title='bbox 960 1826 1020 1890; x_wconf 85' lang='lat' dir='ltr'>eet,</span> <span class='ocrx_word' id='word_1_27' title='bbox 1041 1817 1179 1901; x_wconf 73' lang='lat' dir='ltr'>inanimi</span> 
     </span>
     <span class='ocr_line' id='line_1_6' title="bbox 75 1898 1178 2061; baseline -0.003 -23"><span class='ocrx_word' id='word_1_28' title='bbox 75 1913 217 2039; x_wconf 64' lang='lat' dir='ltr'>titt?</span> <span class='ocrx_word' id='word_1_29' title='bbox 226 1898 1178 2061; x_wconf 52' lang='lat' dir='ltr'>iffiimffiiffltfflffittffitofflz</span> 
     </span>
     <span class='ocr_line' id='line_1_7' title="bbox 77 2063 1178 2149; baseline 0.005 -26"><span class='ocrx_word' id='word_1_30' title='bbox 77 2063 207 2141; x_wconf 79' lang='lat' dir='ltr'>debant3</span> <span class='ocrx_word' id='word_1_31' title='bbox 227 2066 343 2125; x_wconf 76' lang='lat' dir='ltr'>Ataeo</span> <span class='ocrx_word' id='word_1_32' title='bbox 353 2067 386 2125; x_wconf 88' lang='lat' dir='ltr'>in</span> <span class='ocrx_word' id='word_1_33' title='bbox 399 2070 538 2145; x_wconf 83' lang='lat' dir='ltr'>proxima</span> <span class='ocrx_word' id='word_1_34' title='bbox 548 2069 614 2127; x_wconf 81' lang='lat' dir='ltr'>toea</span> <span class='ocrx_word' id='word_1_35' title='bbox 628 2072 741 2149; x_wconf 74' lang='lat' dir='ltr'>recepti</span> <span class='ocrx_word' id='word_1_36' title='bbox 754 2080 784 2129; x_wconf 89' lang='lat' dir='ltr'>et</span> <span class='ocrx_word' id='word_1_37' title='bbox 798 2071 891 2133; x_wconf 80' lang='lat' dir='ltr'>veluti</span> <span class='ocrx_word' id='word_1_38' title='bbox 904 2072 1032 2133; x_wconf 73' lang='lat' dir='ltr'>civitatia</span> <span class='ocrx_word' id='word_1_39' title='bbox 1043 2071 1108 2129; x_wconf 78' lang='lat' dir='ltr'>inae</span> <span class='ocrx_word' id='word_1_40' title='bbox 1121 2068 1178 2129; x_wconf 93' lang='lat' dir='ltr'>do·</span> 
     </span>
     <span class='ocr_line' id='line_1_8' title="bbox 74 2150 1177 2233; baseline 0.007 -26"><span class='ocrx_word' id='word_1_41' title='bbox 74 2154 161 2225; x_wconf 88' lang='lat' dir='ltr'>nati,</span> <span class='ocrx_word' id='word_1_42' title='bbox 183 2150 239 2210; x_wconf 87' lang='lat' dir='ltr'>eed</span> <span class='ocrx_word' id='word_1_43' title='bbox 257 2153 360 2210; x_wconf 72' lang='lat' dir='ltr'>annno</span> <span class='ocrx_word' id='word_1_44' title='bbox 374 2170 495 2233; x_wconf 72' lang='lat' dir='ltr'>temper</span> <span class='ocrx_word' id='word_1_45' title='bbox 507 2165 640 2232; x_wconf 74' lang='lat' dir='ltr'>agnete·</span> <span class='ocrx_word' id='word_1_46' title='bbox 652 2164 685 2215; x_wconf 86' lang='lat' dir='ltr'>et</span> <span class='ocrx_word' id='word_1_47' title='bbox 701 2154 853 2231; x_wconf 70' lang='lat' dir='ltr'>andalae,</span> <span class='ocrx_word' id='word_1_48' title='bbox 874 2176 968 2217; x_wconf 80' lang='lat' dir='ltr'>novae</span> <span class='ocrx_word' id='word_1_49' title='bbox 982 2158 1016 2215; x_wconf 89' lang='lat' dir='ltr'>in</span> <span class='ocrx_word' id='word_1_50' title='bbox 1032 2154 1097 2215; x_wconf 79' lang='lat' dir='ltr'>dieo</span> <span class='ocrx_word' id='word_1_51' title='bbox 1111 2166 1177 2215; x_wconf 78' lang='lat' dir='ltr'>tur-</span> 
     </span>
     <span class='ocr_line' id='line_1_9' title="bbox 74 2236 1177 2321; baseline 0.005 -27"><span class='ocrx_word' id='word_1_52' title='bbox 74 2236 133 2295; x_wconf 83' lang='lat' dir='ltr'>bae</span> <span class='ocrx_word' id='word_1_53' title='bbox 149 2236 283 2310; x_wconf 80' lang='lat' dir='ltr'>aiebant3</span> <span class='ocrx_word' id='word_1_54' title='bbox 306 2237 427 2296; x_wconf 82' lang='lat' dir='ltr'>barbari</span> <span class='ocrx_word' id='word_1_55' title='bbox 439 2258 458 2295; x_wconf 91' lang='lat' dir='ltr'>e</span> <span class='ocrx_word' id='word_1_56' title='bbox 471 2237 656 2318; x_wconf 69' lang='lat' dir='ltr'>Scythernm</span> <span class='ocrx_word' id='word_1_57' title='bbox 670 2256 781 2319; x_wconf 75' lang='lat' dir='ltr'>genere</span> <span class='ocrx_word' id='word_1_58' title='bbox 794 2243 828 2299; x_wconf 84' lang='lat' dir='ltr'>in</span> <span class='ocrx_word' id='word_1_59' title='bbox 840 2244 991 2301; x_wconf 82' lang='lat' dir='ltr'>Romanae</span> <span class='ocrx_word' id='word_1_60' title='bbox 1006 2242 1177 2321; x_wconf 80' lang='lat' dir='ltr'>provinoiae</span> 
     </span>
     <span class='ocr_line' id='line_1_10' title="bbox 74 2320 1176 2407; baseline 0.005 -27"><span class='ocrx_word' id='word_1_61' title='bbox 74 2320 212 2404; x_wconf 79' lang='lat' dir='ltr'>undique</span> <span class='ocrx_word' id='word_1_62' title='bbox 231 2321 414 2381; x_wconf 81' lang='lat' dir='ltr'>ooniinentea</span> <span class='ocrx_word' id='word_1_63' title='bbox 431 2321 624 2383; x_wconf 71' lang='lat' dir='ltr'>incredibiles</span> <span class='ocrx_word' id='word_1_64' title='bbox 641 2326 827 2385; x_wconf 79' lang='lat' dir='ltr'>oalamitatee</span> <span class='ocrx_word' id='word_1_65' title='bbox 840 2328 875 2385; x_wconf 90' lang='lat' dir='ltr'>in</span> <span class='ocrx_word' id='word_1_66' title='bbox 888 2346 984 2386; x_wconf 84' lang='lat' dir='ltr'>onam</span> <span class='ocrx_word' id='word_1_67' title='bbox 1005 2336 1176 2407; x_wconf 74' lang='lat' dir='ltr'>comporta-</span> 
     </span>
     <span class='ocr_line' id='line_1_11' title="bbox 75 2406 1176 2491; baseline 0.003 -25"><span class='ocrx_word' id='word_1_68' title='bbox 75 2408 166 2483; x_wconf 82' lang='lat' dir='ltr'>bant3</span> <span class='ocrx_word' id='word_1_69' title='bbox 187 2410 343 2467; x_wconf 81' lang='lat' dir='ltr'>eoPereaa</span> <span class='ocrx_word' id='word_1_70' title='bbox 357 2406 481 2489; x_wconf 76' lang='lat' dir='ltr'>quidem</span> <span class='ocrx_word' id='word_1_71' title='bbox 492 2411 710 2489; x_wconf 66' lang='lat' dir='ltr'>Mesopotamia</span> <span class='ocrx_word' id='word_1_72' title='bbox 722 2412 877 2487; x_wconf 73' lang='lat' dir='ltr'>univerae,</span> <span class='ocrx_word' id='word_1_73' title='bbox 900 2413 1003 2491; x_wconf 76' lang='lat' dir='ltr'>Syria,</span> <span class='ocrx_word' id='word_1_74' title='bbox 1025 2413 1176 2490; x_wconf 77' lang='lat' dir='ltr'>Aegypto,</span> 
     </span>
     <span class='ocr_line' id='line_1_12' title="bbox 74 2490 1175 2577; baseline 0.002 -26"><span class='ocrx_word' id='word_1_75' title='bbox 74 2494 247 2553; x_wconf 71' lang='lat' dir='ltr'>Palaestina</span> <span class='ocrx_word' id='word_1_76' title='bbox 267 2504 298 2551; x_wconf 88' lang='lat' dir='ltr'>et</span> <span class='ocrx_word' id='word_1_77' title='bbox 315 2490 480 2552; x_wconf 72' lang='lat' dir='ltr'>Phoenicia</span> <span class='ocrx_word' id='word_1_78' title='bbox 501 2497 668 2573; x_wconf 77' lang='lat' dir='ltr'>oonapatia,</span> <span class='ocrx_word' id='word_1_79' title='bbox 696 2493 920 2555; x_wconf 76' lang='lat' dir='ltr'>Chalcedonam</span> <span class='ocrx_word' id='word_1_80' title='bbox 945 2511 1042 2577; x_wconf 78' lang='lat' dir='ltr'>unque</span> <span class='ocrx_word' id='word_1_81' title='bbox 1073 2494 1175 2571; x_wconf 87' lang='lat' dir='ltr'>delati,</span> 
     </span>
     <span class='ocr_line' id='line_1_13' title="bbox 73 2578 1174 2663; baseline 0.003 -25"><span class='ocrx_word' id='word_1_82' title='bbox 73 2590 140 2638; x_wconf 81' lang='lat' dir='ltr'>tam</span> <span class='ocrx_word' id='word_1_83' title='bbox 161 2578 226 2638; x_wconf 86' lang='lat' dir='ltr'>dira</span> <span class='ocrx_word' id='word_1_84' title='bbox 248 2578 413 2658; x_wconf 72' lang='lat' dir='ltr'>cpolitania</span> <span class='ocrx_word' id='word_1_85' title='bbox 434 2580 639 2655; x_wconf 83' lang='lat' dir='ltr'>minabantur,</span> <span class='ocrx_word' id='word_1_86' title='bbox 662 2590 698 2639; x_wconf 92' lang='lat' dir='ltr'>nt</span> <span class='ocrx_word' id='word_1_87' title='bbox 716 2598 824 2661; x_wconf 84' lang='lat' dir='ltr'>pamm</span> <span class='ocrx_word' id='word_1_88' title='bbox 844 2582 974 2640; x_wconf 74' lang='lat' dir='ltr'>abfuerit</span> <span class='ocrx_word' id='word_1_89' title='bbox 989 2582 1062 2663; x_wconf 85' lang='lat' dir='ltr'>qnia</span> <span class='ocrx_word' id='word_1_90' title='bbox 1077 2587 1174 2641; x_wconf 82' lang='lat' dir='ltr'>totum</span> 
     </span>
     <span class='ocr_line' id='line_1_14' title="bbox 74 2663 1175 2746; baseline 0 -21"><span class='ocrx_word' id='word_1_91' title='bbox 74 2666 237 2744; x_wconf 77' lang='lat' dir='ltr'>imperinm</span> <span class='ocrx_word' id='word_1_92' title='bbox 259 2684 321 2723; x_wconf 88' lang='lat' dir='ltr'>nna</span> <span class='ocrx_word' id='word_1_93' title='bbox 346 2684 416 2723; x_wconf 83' lang='lat' dir='ltr'>enm</span> <span class='ocrx_word' id='word_1_94' title='bbox 440 2667 507 2743; x_wconf 85' lang='lat' dir='ltr'>ipeo</span> <span class='ocrx_word' id='word_1_95' title='bbox 529 2667 652 2725; x_wconf 91' lang='lat' dir='ltr'>nomine</span> <span class='ocrx_word' id='word_1_96' title='bbox 673 2668 794 2745; x_wconf 71' lang='lat' dir='ltr'>penitus</span> <span class='ocrx_word' id='word_1_97' title='bbox 819 2663 979 2730; x_wconf 66' lang='lat' dir='ltr'>deleretur.</span> <span class='ocrx_word' id='word_1_98' title='bbox 1021 2668 1114 2746; x_wconf 80' lang='lat' dir='ltr'>igitar</span> <span class='ocrx_word' id='word_1_99' title='bbox 1141 2668 1175 2725; x_wconf 91' lang='lat' dir='ltr'>in</span> 
     </span>
     <span class='ocr_line' id='line_1_15' title="bbox 75 2750 1176 2832; baseline 0 -23"><span class='ocrx_word' id='word_1_100' title='bbox 75 2762 160 2809; x_wconf 87' lang='lat' dir='ltr'>tanta</span> <span class='ocrx_word' id='word_1_101' title='bbox 179 2760 351 2831; x_wconf 80' lang='lat' dir='ltr'>temporum</span> <span class='ocrx_word' id='word_1_102' title='bbox 373 2750 543 2809; x_wconf 69' lang='lat' dir='ltr'>calamitate</span> <span class='ocrx_word' id='word_1_103' title='bbox 563 2760 594 2809; x_wconf 88' lang='lat' dir='ltr'>et</span> <span class='ocrx_word' id='word_1_104' title='bbox 613 2754 749 2831; x_wconf 81' lang='lat' dir='ltr'>nequitie</span> <span class='ocrx_word' id='word_1_105' title='bbox 763 2754 975 2832; x_wconf 75' lang='lat' dir='ltr'>imperatorem</span> <span class='ocrx_word' id='word_1_106' title='bbox 986 2750 1176 2811; x_wconf 80' lang='lat' dir='ltr'>deaiderabat</span> 
     </span>
     <span class='ocr_line' id='line_1_16' title="bbox 75 2836 1175 2916; baseline 0 -21"><span class='ocrx_word' id='word_1_107' title='bbox 75 2854 125 2895; x_wconf 76' lang='lat' dir='ltr'>ree</span> <span class='ocrx_word' id='word_1_108' title='bbox 144 2836 282 2916; x_wconf 82' lang='lat' dir='ltr'>publiea,</span> <span class='ocrx_word' id='word_1_109' title='bbox 302 2837 358 2916; x_wconf 87' lang='lat' dir='ltr'>qni</span> <span class='ocrx_word' id='word_1_110' title='bbox 374 2836 541 2916; x_wconf 81' lang='lat' dir='ltr'>plnaimnm</span> <span class='ocrx_word' id='word_1_111' title='bbox 559 2837 689 2916; x_wconf 76' lang='lat' dir='ltr'>polleret</span> <span class='ocrx_word' id='word_1_112' title='bbox 705 2838 817 2915; x_wconf 84' lang='lat' dir='ltr'>pietate</span> <span class='ocrx_word' id='word_1_113' title='bbox 836 2839 978 2913; x_wconf 84' lang='lat' dir='ltr'>aoneiiio,</span> <span class='ocrx_word' id='word_1_114' title='bbox 1001 2847 1032 2897; x_wconf 91' lang='lat' dir='ltr'>et</span> <span class='ocrx_word' id='word_1_115' title='bbox 1050 2840 1175 2897; x_wconf 78' lang='lat' dir='ltr'>militari</span> 
     </span>
     <span class='ocr_line' id='line_1_17' title="bbox 75 2918 1174 3003; baseline -0.002 -21"><span class='ocrx_word' id='word_1_116' title='bbox 75 2923 210 2982; x_wconf 69' lang='lat' dir='ltr'>edenda.</span> <span class='ocrx_word' id='word_1_117' title='bbox 252 2918 427 2980; x_wconf 82' lang='lat' dir='ltr'>huiuamodi</span> <span class='ocrx_word' id='word_1_118' title='bbox 450 2921 542 3001; x_wconf 86' lang='lat' dir='ltr'>piane</span> <span class='ocrx_word' id='word_1_119' title='bbox 558 2926 673 2997; x_wconf 71' lang='lat' dir='ltr'>vnum,</span> <span class='ocrx_word' id='word_1_120' title='bbox 695 2924 818 3003; x_wconf 86' lang='lat' dir='ltr'>qualem</span> <span class='ocrx_word' id='word_1_121' title='bbox 840 2942 940 2982; x_wconf 81' lang='lat' dir='ltr'>rernm</span> <span class='ocrx_word' id='word_1_122' title='bbox 963 2921 1097 2982; x_wconf 82' lang='lat' dir='ltr'>nondioio</span> <span class='ocrx_word' id='word_1_123' title='bbox 1117 2942 1174 3003; x_wconf 90' lang='lat' dir='ltr'>po·</span> 
     </span>
     <span class='ocr_line' id='line_1_18' title="bbox 75 3004 1175 3087; baseline -0.003 -21"><span class='ocrx_word' id='word_1_124' title='bbox 75 3008 222 3083; x_wconf 85' lang='lat' dir='ltr'>etnlabat‚</span> <span class='ocrx_word' id='word_1_125' title='bbox 243 3026 278 3065; x_wconf 85' lang='lat' dir='ltr'>ao</span> <span class='ocrx_word' id='word_1_126' title='bbox 298 3024 406 3065; x_wconf 74' lang='lat' dir='ltr'>veram</span> <span class='ocrx_word' id='word_1_127' title='bbox 425 3004 519 3065; x_wconf 85' lang='lat' dir='ltr'>heroa</span> <span class='ocrx_word' id='word_1_128' title='bbox 539 3008 707 3066; x_wconf 80' lang='lat' dir='ltr'>Homerioie</span> <span class='ocrx_word' id='word_1_129' title='bbox 726 3005 867 3068; x_wconf 75' lang='lat' dir='ltr'>heroibus</span> <span class='ocrx_word' id='word_1_130' title='bbox 890 3010 981 3087; x_wconf 81' lang='lat' dir='ltr'>longe</span> <span class='ocrx_word' id='word_1_131' title='bbox 1003 3008 1175 3066; x_wconf 77' lang='lat' dir='ltr'>anteferen-</span> 
     </span>
     <span class='ocr_line' id='line_1_19' title="bbox 76 3090 1174 3172; baseline -0.003 -21"><span class='ocrx_word' id='word_1_132' title='bbox 76 3090 153 3151; x_wconf 86' lang='lat' dir='ltr'>dum</span> <span class='ocrx_word' id='word_1_133' title='bbox 173 3103 202 3151; x_wconf 89' lang='lat' dir='ltr'>et</span> <span class='ocrx_word' id='word_1_134' title='bbox 222 3094 290 3172; x_wconf 84' lang='lat' dir='ltr'>ipeo</span> <span class='ocrx_word' id='word_1_135' title='bbox 307 3090 482 3152; x_wconf 74' lang='lat' dir='ltr'>Alexandm</span> <span class='ocrx_word' id='word_1_136' title='bbox 493 3094 641 3151; x_wconf 78' lang='lat' dir='ltr'>maiorem</span> <span class='ocrx_word' id='word_1_137' title='bbox 656 3092 751 3151; x_wconf 80' lang='lat' dir='ltr'>iniaee</span> <span class='ocrx_word' id='word_1_138' title='bbox 765 3093 938 3151; x_wconf 75' lang='lat' dir='ltr'>Heraclium</span> <span class='ocrx_word' id='word_1_139' title='bbox 951 3090 1106 3151; x_wconf 71' lang='lat' dir='ltr'>contendit</span> <span class='ocrx_word' id='word_1_140' title='bbox 1119 3092 1174 3149; x_wconf 85' lang='lat' dir='ltr'>Pi-</span> 
     </span>
     <span class='ocr_line' id='line_1_20' title="bbox 75 3174 1173 3258; baseline -0.003 -20"><span class='ocrx_word' id='word_1_141' title='bbox 75 3176 143 3238; x_wconf 75' lang='lat' dir='ltr'>eide</span> <span class='ocrx_word' id='word_1_142' title='bbox 156 3179 191 3237; x_wconf 90' lang='lat' dir='ltr'>in</span> <span class='ocrx_word' id='word_1_143' title='bbox 203 3175 287 3237; x_wconf 79' lang='lat' dir='ltr'>hieoe</span> <span class='ocrx_word' id='word_1_144' title='bbox 300 3178 396 3237; x_wconf 79' lang='lat' dir='ltr'>tribue</span> <span class='ocrx_word' id='word_1_145' title='bbox 407 3175 610 3248; x_wconf 58' lang='lat' dir='ltr'>Aaronom,</span> <span class='ocrx_word' id='word_1_146' title='bbox 629 3180 663 3235; x_wconf 83' lang='lat' dir='ltr'>in</span> <span class='ocrx_word' id='word_1_147' title='bbox 678 3180 789 3258; x_wconf 76' lang='lat' dir='ltr'>quibua</span> <span class='ocrx_word' id='word_1_148' title='bbox 803 3177 841 3236; x_wconf 87' lang='lat' dir='ltr'>da</span> <span class='ocrx_word' id='word_1_149' title='bbox 853 3180 950 3258; x_wconf 79' lang='lat' dir='ltr'>prima</span> <span class='ocrx_word' id='word_1_150' title='bbox 962 3179 995 3235; x_wconf 91' lang='lat' dir='ltr'>in</span> <span class='ocrx_word' id='word_1_151' title='bbox 1008 3174 1173 3237; x_wconf 79' lang='lat' dir='ltr'>Choeroam</span> 
     </span>
     <span class='ocr_line' id='line_1_21' title="bbox 73 3260 1173 3342; baseline -0.004 -19"><span class='ocrx_word' id='word_1_152' title='bbox 73 3262 165 3323; x_wconf 81' lang='lat' dir='ltr'>haiae</span> <span class='ocrx_word' id='word_1_153' title='bbox 193 3262 326 3322; x_wconf 74' lang='lat' dir='ltr'>nominis</span> <span class='ocrx_word' id='word_1_154' title='bbox 350 3262 518 3323; x_wconf 82' lang='lat' dir='ltr'>eeonndum</span> <span class='ocrx_word' id='word_1_155' title='bbox 543 3266 705 3323; x_wconf 75' lang='lat' dir='ltr'>Portarum</span> <span class='ocrx_word' id='word_1_156' title='bbox 737 3282 841 3342; x_wconf 80' lang='lat' dir='ltr'>regem</span> <span class='ocrx_word' id='word_1_157' title='bbox 873 3260 1067 3342; x_wconf 76' lang='lat' dir='ltr'>expeditione</span> <span class='ocrx_word' id='word_1_158' title='bbox 1099 3264 1173 3341; x_wconf 78' lang='lat' dir='ltr'>agit.</span> 
     </span>
     <span class='ocr_line' id='line_1_22' title="bbox 75 3346 1174 3430; baseline -0.001 -23"><span class='ocrx_word' id='word_1_159' title='bbox 75 3347 218 3430; x_wconf 83' lang='lat' dir='ltr'>equidem</span> <span class='ocrx_word' id='word_1_160' title='bbox 238 3349 338 3407; x_wconf 82' lang='lat' dir='ltr'>fateor</span> <span class='ocrx_word' id='word_1_161' title='bbox 355 3366 406 3406; x_wconf 89' lang='lat' dir='ltr'>me</span> <span class='ocrx_word' id='word_1_162' title='bbox 419 3347 459 3406; x_wconf 88' lang='lat' dir='ltr'>ad</span> <span class='ocrx_word' id='word_1_163' title='bbox 471 3352 617 3409; x_wconf 80' lang='lat' dir='ltr'>maiorem</span> <span class='ocrx_word' id='word_1_164' title='bbox 630 3352 732 3407; x_wconf 82' lang='lat' dir='ltr'>animo</span> <span class='ocrx_word' id='word_1_165' title='bbox 744 3347 972 3428; x_wconf 86' lang='lat' dir='ltr'>ooneipiendam</span> <span class='ocrx_word' id='word_1_166' title='bbox 988 3346 1026 3407; x_wconf 83' lang='lat' dir='ltr'>de</span> <span class='ocrx_word' id='word_1_167' title='bbox 1042 3348 1174 3407; x_wconf 76' lang='lat' dir='ltr'>Heraclii</span> 
     </span>
     <span class='ocr_line' id='line_1_23' title="bbox 74 3433 1173 3514; baseline -0.001 -20"><span class='ocrx_word' id='word_1_168' title='bbox 74 3440 184 3495; x_wconf 83' lang='lat' dir='ltr'>virtute</span> <span class='ocrx_word' id='word_1_169' title='bbox 200 3437 374 3514; x_wconf 87' lang='lat' dir='ltr'>opinionem</span> <span class='ocrx_word' id='word_1_170' title='bbox 388 3451 430 3491; x_wconf 86' lang='lat' dir='ltr'>ex</span> <span class='ocrx_word' id='word_1_171' title='bbox 443 3433 569 3493; x_wconf 77' lang='lat' dir='ltr'>haiueoe</span> <span class='ocrx_word' id='word_1_172' title='bbox 584 3436 730 3514; x_wconf 70' lang='lat' dir='ltr'>potentii</span> <span class='ocrx_word' id='word_1_173' title='bbox 746 3436 875 3494; x_wconf 88' lang='lat' dir='ltr'>leotione</span> <span class='ocrx_word' id='word_1_174' title='bbox 889 3434 983 3493; x_wconf 70' lang='lat' dir='ltr'>fiam</span> <span class='ocrx_word' id='word_1_175' title='bbox 998 3435 1173 3508; x_wconf 70' lang='lat' dir='ltr'>excitatam,</span> 
     </span>
     <span class='ocr_line' id='line_1_24' title="bbox 74 3518 1173 3601; baseline -0.002 -22"><span class='ocrx_word' id='word_1_176' title='bbox 74 3522 211 3601; x_wconf 70' lang='lat' dir='ltr'>quamvis</span> <span class='ocrx_word' id='word_1_177' title='bbox 231 3540 353 3579; x_wconf 81' lang='lat' dir='ltr'>menam</span> <span class='ocrx_word' id='word_1_178' title='bbox 364 3522 431 3599; x_wconf 76' lang='lat' dir='ltr'>ipae</span> <span class='ocrx_word' id='word_1_179' title='bbox 444 3531 615 3600; x_wconf 77' lang='lat' dir='ltr'>repnterem</span> <span class='ocrx_word' id='word_1_180' title='bbox 630 3540 697 3580; x_wconf 82' lang='lat' dir='ltr'>eeee</span> <span class='ocrx_word' id='word_1_181' title='bbox 713 3520 840 3580; x_wconf 77' lang='lat' dir='ltr'>foetam</span> <span class='ocrx_word' id='word_1_182' title='bbox 855 3518 1017 3595; x_wconf 83' lang='lat' dir='ltr'>nonnulla,</span> <span class='ocrx_word' id='word_1_183' title='bbox 1040 3538 1118 3601; x_wconf 82' lang='lat' dir='ltr'>quae</span> <span class='ocrx_word' id='word_1_184' title='bbox 1131 3538 1173 3578; x_wconf 84' lang='lat' dir='ltr'>ex</span> 
     </span>
     <span class='ocr_line' id='line_1_25' title="bbox 74 3605 1170 3686; baseline -0.002 -22"><span class='ocrx_word' id='word_1_185' title='bbox 74 3609 197 3685; x_wconf 81' lang='lat' dir='ltr'>ingenio</span> <span class='ocrx_word' id='word_1_186' title='bbox 208 3607 365 3665; x_wconf 67' lang='lat' dir='ltr'>sententie</span> <span class='ocrx_word' id='word_1_187' title='bbox 375 3616 479 3665; x_wconf 82' lang='lat' dir='ltr'>ornata</span> <span class='ocrx_word' id='word_1_188' title='bbox 494 3616 525 3664; x_wconf 91' lang='lat' dir='ltr'>et</span> <span class='ocrx_word' id='word_1_189' title='bbox 535 3612 663 3686; x_wconf 70' lang='lat' dir='ltr'>podeaoe</span> <span class='ocrx_word' id='word_1_190' title='bbox 673 3606 822 3665; x_wconf 70' lang='lat' dir='ltr'>doloribus</span> <span class='ocrx_word' id='word_1_191' title='bbox 834 3605 981 3663; x_wconf 80' lang='lat' dir='ltr'>illmtrata</span> <span class='ocrx_word' id='word_1_192' title='bbox 993 3606 1063 3685; x_wconf 86' lang='lat' dir='ltr'>plue</span> <span class='ocrx_word' id='word_1_193' title='bbox 1075 3606 1170 3662; x_wconf 87' lang='lat' dir='ltr'>nimio</span> 
     </span>
     <span class='ocr_line' id='line_1_26' title="bbox 73 3690 1171 3773; baseline -0.004 -23"><span class='ocrx_word' id='word_1_194' title='bbox 73 3702 208 3750; x_wconf 87' lang='lat' dir='ltr'>mentem</span> <span class='ocrx_word' id='word_1_195' title='bbox 226 3694 421 3773; x_wconf 83' lang='lat' dir='ltr'>animumque</span> <span class='ocrx_word' id='word_1_196' title='bbox 441 3694 651 3771; x_wconf 82' lang='lat' dir='ltr'>peroellerent.</span> <span class='ocrx_word' id='word_1_197' title='bbox 691 3710 755 3750; x_wconf 93' lang='lat' dir='ltr'>non</span> <span class='ocrx_word' id='word_1_198' title='bbox 771 3693 853 3749; x_wconf 89' lang='lat' dir='ltr'>enim</span> <span class='ocrx_word' id='word_1_199' title='bbox 868 3701 914 3749; x_wconf 82' lang='lat' dir='ltr'>eet</span> <span class='ocrx_word' id='word_1_200' title='bbox 928 3690 1102 3769; x_wconf 80' lang='lat' dir='ltr'>negandam</span> <span class='ocrx_word' id='word_1_201' title='bbox 1116 3690 1171 3747; x_wconf 83' lang='lat' dir='ltr'>Pi·</span> 
     </span>
     <span class='ocr_line' id='line_1_27' title="bbox 74 3775 1170 3858; baseline -0.006 -20"><span class='ocrx_word' id='word_1_202' title='bbox 74 3776 369 3858; x_wconf 60' lang='lat' dir='ltr'>adimpletumque</span> <span class='ocrx_word' id='word_1_203' title='bbox 385 3778 431 3834; x_wconf 85' lang='lat' dir='ltr'>ati</span> <span class='ocrx_word' id='word_1_204' title='bbox 451 3780 522 3837; x_wconf 80' lang='lat' dir='ltr'>etilo</span> <span class='ocrx_word' id='word_1_205' title='bbox 541 3775 662 3855; x_wconf 79' lang='lat' dir='ltr'>turgido</span> <span class='ocrx_word' id='word_1_206' title='bbox 683 3786 714 3835; x_wconf 86' lang='lat' dir='ltr'>et</span> <span class='ocrx_word' id='word_1_207' title='bbox 735 3776 857 3850; x_wconf 85' lang='lat' dir='ltr'>inflato,</span> <span class='ocrx_word' id='word_1_208' title='bbox 883 3794 918 3834; x_wconf 84' lang='lat' dir='ltr'>ao</span> <span class='ocrx_word' id='word_1_209' title='bbox 930 3786 997 3834; x_wconf 83' lang='lat' dir='ltr'>tum</span> <span class='ocrx_word' id='word_1_210' title='bbox 1011 3775 1170 3855; x_wconf 78' lang='lat' dir='ltr'>praecipue</span> 
     </span>
     <span class='ocr_line' id='line_1_28' title="bbox 74 3858 1171 3942; baseline -0.004 -21"><span class='ocrx_word' id='word_1_211' title='bbox 74 3862 234 3942; x_wconf 73' lang='lat' dir='ltr'>ampullari</span> <span class='ocrx_word' id='word_1_212' title='bbox 254 3865 286 3921; x_wconf 87' lang='lat' dir='ltr'>in</span> <span class='ocrx_word' id='word_1_213' title='bbox 306 3872 384 3937; x_wconf 85' lang='lat' dir='ltr'>arta,</span> <span class='ocrx_word' id='word_1_214' title='bbox 407 3880 477 3921; x_wconf 87' lang='lat' dir='ltr'>oam</span> <span class='ocrx_word' id='word_1_215' title='bbox 496 3863 671 3922; x_wconf 82' lang='lat' dir='ltr'>Heraolinm</span> <span class='ocrx_word' id='word_1_216' title='bbox 686 3870 718 3919; x_wconf 89' lang='lat' dir='ltr'>et</span> <span class='ocrx_word' id='word_1_217' title='bbox 732 3862 873 3939; x_wconf 69' lang='lat' dir='ltr'>Sergium</span> <span class='ocrx_word' id='word_1_218' title='bbox 888 3858 1009 3935; x_wconf 85' lang='lat' dir='ltr'>laudat,</span> <span class='ocrx_word' id='word_1_219' title='bbox 1032 3860 1171 3941; x_wconf 75' lang='lat' dir='ltr'>quamvis</span> 
     </span>
     <span class='ocr_line' id='line_1_29' title="bbox 72 3940 1172 4029; baseline -0.006 -20"><span class='ocrx_word' id='word_1_220' title='bbox 72 3968 163 4028; x_wconf 85' lang='lat' dir='ltr'>eaepe</span> <span class='ocrx_word' id='word_1_221' title='bbox 184 3957 287 4007; x_wconf 89' lang='lat' dir='ltr'>tamen</span> <span class='ocrx_word' id='word_1_222' title='bbox 305 3946 480 4029; x_wconf 85' lang='lat' dir='ltr'>profiteatur</span> <span class='ocrx_word' id='word_1_223' title='bbox 495 3960 530 4012; x_wconf 75' lang='lat' dir='ltr'>et</span> <span class='ocrx_word' id='word_1_224' title='bbox 547 3947 670 4007; x_wconf 83' lang='lat' dir='ltr'>auribne</span> <span class='ocrx_word' id='word_1_225' title='bbox 689 3946 838 4022; x_wconf 84' lang='lat' dir='ltr'>inenloet,</span> <span class='ocrx_word' id='word_1_226' title='bbox 862 3964 972 4007; x_wconf 75' lang='lat' dir='ltr'>aenon</span> <span class='ocrx_word' id='word_1_227' title='bbox 988 3943 1079 4005; x_wconf 86' lang='lat' dir='ltr'>modo</span> <span class='ocrx_word' id='word_1_228' title='bbox 1096 3940 1172 4024; x_wconf 86' lang='lat' dir='ltr'>quid</span> 
     </span>
     <span class='ocr_line' id='line_1_30' title="bbox 72 4027 1171 4115; baseline -0.005 -22"><span class='ocrx_word' id='word_1_229' title='bbox 72 4035 145 4093; x_wconf 78' lang='lat' dir='ltr'>salai</span> <span class='ocrx_word' id='word_1_230' title='bbox 165 4034 298 4093; x_wconf 72' lang='lat' dir='ltr'>Heraclii</span> <span class='ocrx_word' id='word_1_231' title='bbox 317 4032 457 4093; x_wconf 71' lang='lat' dir='ltr'>lendibus</span> <span class='ocrx_word' id='word_1_232' title='bbox 470 4052 628 4115; x_wconf 85' lang='lat' dir='ltr'>nunqnam</span> <span class='ocrx_word' id='word_1_233' title='bbox 639 4030 768 4107; x_wconf 82' lang='lat' dir='ltr'>addere,</span> <span class='ocrx_word' id='word_1_234' title='bbox 790 4031 846 4093; x_wconf 82' lang='lat' dir='ltr'>ead</span> <span class='ocrx_word' id='word_1_235' title='bbox 859 4027 999 4089; x_wconf 90' lang='lat' dir='ltr'>nonnihil</span> <span class='ocrx_word' id='word_1_236' title='bbox 1016 4030 1116 4111; x_wconf 74' lang='lat' dir='ltr'>potius</span> <span class='ocrx_word' id='word_1_237' title='bbox 1130 4048 1171 4087; x_wconf 87' lang='lat' dir='ltr'>ex</span> 
     </span>
     <span class='ocr_line' id='line_1_31' title="bbox 71 4114 1170 4201; baseline -0.007 -20"><span class='ocrx_word' id='word_1_238' title='bbox 71 4121 147 4201; x_wconf 81' lang='lat' dir='ltr'>ipeia</span> <span class='ocrx_word' id='word_1_239' title='bbox 160 4117 294 4179; x_wconf 82' lang='lat' dir='ltr'>deterere</span> <span class='ocrx_word' id='word_1_240' title='bbox 315 4118 467 4200; x_wconf 74' lang='lat' dir='ltr'>(Amas.</span> <span class='ocrx_word' id='word_1_241' title='bbox 486 4124 503 4183; x_wconf 96' lang='lat'>1</span> <span class='ocrx_word' id='word_1_242' title='bbox 525 4118 597 4199; x_wconf 79' lang='lat'>43).</span> <span class='ocrx_word' id='word_1_243' title='bbox 640 4128 790 4192; x_wconf 78' lang='lat' dir='ltr'>aeterum,</span> <span class='ocrx_word' id='word_1_244' title='bbox 813 4138 853 4175; x_wconf 88' lang='lat' dir='ltr'>na</span> <span class='ocrx_word' id='word_1_245' title='bbox 869 4114 906 4175; x_wconf 89' lang='lat' dir='ltr'>de</span> <span class='ocrx_word' id='word_1_246' title='bbox 923 4116 1011 4175; x_wconf 80' lang='lat' dir='ltr'>malie</span> <span class='ocrx_word' id='word_1_247' title='bbox 1026 4116 1170 4175; x_wconf 84' lang='lat' dir='ltr'>eooleeiaa</span> 
     </span>
     <span class='ocr_line' id='line_1_32' title="bbox 71 4200 1171 4289; baseline -0.005 -23"><span class='ocrx_word' id='word_1_248' title='bbox 71 4208 194 4289; x_wconf 71' lang='lat' dir='ltr'>loquu,</span> <span class='ocrx_word' id='word_1_249' title='bbox 220 4207 355 4282; x_wconf 85' lang='lat' dir='ltr'>utinam,</span> <span class='ocrx_word' id='word_1_250' title='bbox 383 4224 476 4287; x_wconf 87' lang='lat' dir='ltr'>qnam</span> <span class='ocrx_word' id='word_1_251' title='bbox 501 4205 561 4265; x_wconf 85' lang='lat' dir='ltr'>fuit</span> <span class='ocrx_word' id='word_1_252' title='bbox 588 4204 674 4283; x_wconf 82' lang='lat' dir='ltr'>regni</span> <span class='ocrx_word' id='word_1_253' title='bbox 697 4202 829 4263; x_wconf 78' lang='lat' dir='ltr'>Heraclii</span> <span class='ocrx_word' id='word_1_254' title='bbox 855 4202 1019 4283; x_wconf 75' lang='lat' dir='ltr'>glot-ionum</span> <span class='ocrx_word' id='word_1_255' title='bbox 1039 4200 1171 4277; x_wconf 87' lang='lat' dir='ltr'>initium,</span> 
     </span>
    </p>
   </div>
   <div class='ocr_carea' id='block_1_4' title="bbox 0 0 1400 4709">
    <p class='ocr_par' dir='ltr' id='par_1_5' title="bbox 0 0 1400 4709">
     <span class='ocr_line' id='line_1_33' title="bbox 0 0 1400 4709; baseline 0 2"><span class='ocrx_word' id='word_1_256' title='bbox 0 0 1400 4709; x_wconf 95' lang='lat' dir='ltr'> </span> 
     </span>
    </p>
   </div>
  </div>
 </body>
</html>
