2792 4709
283 166 343 241 DE
365 172 505 243 BELLO
527 174 712 243 svrmco
738 174 953 244 lllONlTUli·
1094 176 1164 247 123

25 333 209 415 agathias
228 338 267 397 de
282 358 375 421 regno
394 340 561 401 Iustiniani
578 340 633 400 tit.
651 339 689 417 5,
722 342 774 423 qui
792 360 863 401 erun
883 342 1010 403 Hunnns
1031 343 1165 424 eliasque

25 424 204 483 sarbaras
224 436 344 503 gentes,
380 445 511 507 quorum
530 429 613 485 varia
638 438 723 485 erent
743 431 884 503 nomina,
922 430 999 487 eirea
1022 426 1165 507 paludem

25 507 244 567 maeotidem
256 508 407 571 habitasse
422 510 618 587 adfirmasset,
633 515 694 571 aits
710 502 795 576 odrae
810 509 844 577 dl
856 506 989 588 domm
1001 516 1092 598 κοινῇ
1108 511 1165 596 ple

25 587 629 678 Σὶιύθαικοῑῡῦννοιὲπωνομᾶζοντο.
1164 652 1167 661 .

142 682 191 738 Ao
208 688 255 738 ter
274 680 398 762 quidem
410 686 536 741 Hunnos
556 685 589 741 in
605 684 811 741 Romanorum
831 678 980 741 dicionem
998 684 1164 764 irrumpere

25 774 184 824 conatos
199 784 263 824 asse
277 768 448 847 colligimus
460 788 500 827 ex
511 766 660 843 historiis,
687 776 717 827 et
732 777 799 827 tum
813 765 936 828 demum
950 771 984 826 in
994 770 1162 843 Pannonia,

25 870 136 930 quae
153 849 192 908 ab
205 852 279 930 ipsis
291 864 397 931 postea
408 855 563 939 Hungaria
580 851 660 911 diets
675 862 738 927 eet,
766 856 935 911 onustitisse
947 852 1099 933 proditum
1118 865 1163 913 est

25 955 45 992 a
70 936 229 1015 plurimis
243 939 446 1016 scriptoribus.
488 942 618 1019 primam
638 936 763 1019 quidem
775 941 954 997 Hunnorum
975 942 1162 1019 eruptionem

26 1026 89 1085 13
111 1040 197 1080 anno
210 1024 329 1101 imperii
343 1024 489 1100 Valentis,
511 1022 623 1083 Christi
638 1027 710 1098 376,
725 1024 836 1082 fastam
854 1042 920 1083 esse
932 1022 1024 1083 tradit
1039 1026 1161 1085 Orosius

25 1105 108 1163 lib.
131 1109 155 1167 7
171 1110 204 1165 in
215 1118 292 1187 gest.
315 1108 461 1167 Valentis.
508 1107 617 1167 damna
629 1108 728 1182 verol‘
749 1128 828 1189 quae
847 1128 887 1167 ex
907 1127 942 1167 ea
962 1120 1064 1169 secuta
1081 1119 1160 1183 sunt,

26 1201 203 1250 enarrant
222 1202 341 1272 praeter
354 1196 494 1255 orosium
511 1205 614 1253 enotor
633 1193 704 1251 hat.
722 1193 882 1253 Misoellae
895 1193 949 1253 lib.
970 1196 1011 1257 12
1027 1196 1061 1252 in
1080 1194 1163 1253 Gra·

26 1280 158 1347 tiano,
180 1277 213 1336 S.
228 1279 431 1359 Hieronymus
444 1280 543 1358 Epist.
560 1283 594 1339 in
608 1277 744 1357 epitaph.
758 1278 917 1351 Fabiolae,
943 1276 1162 1358 Philostorgins

26 1366 60 1424 9
92 1366 159 1435 17,
181 1363 302 1423 Prisous
315 1366 349 1422 in
362 1366 518 1443 lireaptis
529 1365 567 1424 ds
580 1367 692 1445 Legat.
706 1384 744 1442 p.
762 1364 821 1439 47,
842 1366 970 1445 aliique,
993 1366 1046 1444 qui
1059 1384 1163 1423 omnes

31 1469 58 1505 e
70 1443 210 1525 Scythia
224 1468 361 1527 egressos
373 1450 515 1509 barbaros
526 1452 559 1508 in
572 1451 740 1509 maximam
747 1450 885 1529 Europes
900 1450 1065 1530 perniciem
1075 1452 1164 1507 Hun-

29 1552 112 1591 nos
130 1533 333 1612 appellarunt.
376 1534 513 1594 eiusdem
528 1539 627 1614 gentis
647 1537 681 1593 in
701 1539 900 1595 oontsrmiuss
915 1536 1052 1614 regiones
1068 1535 1162 1594 altera

35 1620 220 1697 emigratio
233 1630 334 1678 seouta
349 1631 394 1679 est
407 1622 571 1680 Iustiniano
588 1625 602 1684 1
621 1629 781 1699 regnante,
804 1638 883 1678 enno
898 1619 1038 1679 videlieet
1051 1618 1162 1679 Christi

36 1703 134 1767 664.
179 1723 214 1762 ao
226 1714 293 1763 tum
306 1703 432 1785 quidem
443 1706 559 1785 populi,
584 1708 684 1785 quiin
698 1724 857 1765 commune
873 1708 1000 1765 exitium
1014 1707 1106 1765 exoiti
1118 1714 1163 1765 tot

37 1789 141 1847 mala
154 1791 299 1849 Romanis
315 1792 405 1850 rebus
420 1793 592 1865 attulenmt,
606 1790 728 1849 Atera
741 1789 812 1849 disti
825 1802 895 1850 sunt
906 1802 935 1851 et
945 1792 1061 1851 Hunni
1071 1789 1163 1849 Aba·

39 1895 116 1931 ree.
162 1872 255 1933 tidem
268 1876 383 1935 faciunt
396 1874 601 1956 Theophanes
617 1874 658 1935 ad
671 1896 784 1935 sunum
797 1878 859 1941 787
872 1920 881 1952 ‚
901 1874 971 1936 Ado
983 1877 1163 1937 Viennensis

41 1979 109 2018 an·
121 1961 205 2035 879,
231 1963 378 2021 Aimanus
395 1963 593 2021 Florieoensis
612 1972 643 2021 et
666 1961 844 2041 sigebertus
863 1962 897 2019 in
920 1961 1088 2033 Chronieis,
1109 1961 1162 2041 qui

44 2064 168 2104 omnes
181 2046 295 2106 Abares
311 2066 381 2105 arm
394 2051 512 2107 Hurmis
527 2045 732 2123 oonfuudunt,
762 2066 874 2128 eosque
886 2048 1013 2106 Hunnos
1035 2057 1065 2106 et
1078 2047 1163 2105 Abe-

44 2150 106 2189 res
130 2132 226 2191 luisse
245 2134 411 2213 appellatos
432 2144 534 2213 aperte
545 2142 705 2193 testentur.
747 2135 878 2191 nomissis
893 2133 1108 2212 etymologiam
1122 2152 1162 2191 ex

44 2216 210 2275 Hebraiea
225 2218 331 2297 lingua
351 2217 477 2300 quidam
499 2228 667 2299 repetentes
679 2218 795 2278 Absres
813 2216 895 2275 idem
912 2236 977 2277 esse
993 2219 1162 2291 voluerunt,

47 2322 91 2360 ec
110 2303 137 2359 si
154 2304 223 2381 quis
236 2304 452 2383 cospalarass‚
472 2324 568 2383 vagos
585 2313 615 2363 et
627 2301 798 2362 Nomadum
818 2322 902 2361 more
919 2312 1052 2361 errantes
1071 2312 1162 2381 atque

46 2386 122 2447 hue
143 2388 218 2446 illue
239 2400 426 2447 nauseantes
446 2386 568 2448 diceret.
589 2432 598 2447 .
632 2388 686 2446 ulii
716 2407 788 2446 roro
810 2386 992 2447 contendunt
1014 2386 1162 2468 quosdam

48 2476 190 2532 Hunnos
202 2475 336 2533 Abarum
345 2476 468 2533 nomine
480 2476 649 2553 insignitos,
664 2470 747 2553 quod
757 2472 862 2531 robore
879 2474 1009 2553 eorporis
1025 2482 1055 2529 et
1069 2474 1162 2531 enimi

49 2557 237 2617 fortitudine
251 2563 356 2619 ceteris
370 2564 534 2636 anteirent,
558 2570 593 2619 ut
604 2560 699 2639 siquis
713 2556 848 2617 subustos
858 2558 1034 2637 validasque
1050 2568 1078 2615 et
1091 2556 1163 2615 bene

50 2644 220 2721 amasso.
231 2656 361 2705 voearet.
404 2643 458 2705 sed
472 2647 601 2726 primam
613 2646 745 2704 nominis
759 2646 906 2723 originem
914 2640 1162 2723 Theophylaatus

51 2731 226 2805 Simoeetta
240 2735 261 2796 7
279 2730 432 2795 8videtur
445 2732 586 2812 probare,
605 2729 708 2789 dieens
725 2732 867 2805 Hunnos,
888 2731 941 2810 qui
958 2740 1026 2809 post
1039 2730 1115 2787 alios
1131 2730 1164 2787 in

51 2818 216 2894 Europam
238 2818 451 2897 ooniugerent,
485 2817 621 2877 Abarum
643 2816 845 2895 appellatione
872 2816 965 2875 fuisse
989 2824 1161 2874 contentos:

50 2899 176 2981 λέγεται
189 2897 244 2984 ysip
257 2901 291 2967 iv
307 2909 371 2978 τοῖς
385 2902 489 2967 ἔθνεσι
502 2908 565 2975 τοῖς
580 2906 750 2974 Σκυθικοῖς
765 2896 799 2964 ed
815 2904 877 2963 erio
889 2894 1027 2983 Ἀβᾶρον
1041 2898 1165 2962 ὑπεῖναι

52 2984 285 3066 eunomiumne
306 2992 416 3067 φῦλον.
458 2986 568 3047 horum
592 2996 694 3045 sutem
722 2984 786 3044 dux
803 2984 966 3065 chaganus
990 2984 1162 3057 vocabatur,

53 3070 172 3131 eodem
186 3072 349 3132 Simooatte
367 3083 495 3133 testante
514 3070 630 3131 ibidem
652 3072 722 3131 illos
744 3074 829 3150 ipsos
848 3073 975 3129 Hunuos
994 3070 1109 3129 Abares
1129 3088 1162 3127 se

54 3157 188 3232 dixisse,
202 3178 351 3239 suumque
366 3161 533 3239 prinoipem
540 3155 719 3236 (theganum
733 3154 855 3215 honoris
869 3174 957 3215 eausa
969 3157 1161 3215 nominasse:

55 3234 315 3325 οὖτοιἈβᾶρονς
328 3240 455 3317 tuosodr
467 3237 685 3325 ὀνομάσαντες,
712 3236 763 3305 τὸν
781 3236 917 3321 ἡγεμόνα
931 3244 969 3325 τῇ
985 3244 1042 3302 τοῦ
1061 3238 1163 3321 Χογᾶ-

55 3352 120 3393 νου
135 3332 324 3415 προσηγορίᾳ
339 3324 565 3411 periphraste-
595 3347 673 3387 enno
699 3325 829 3407 denique
842 3324 952 3386 Christi
969 3328 1031 3391 888
1050 3334 1081 3382 et
1100 3326 1162 3389 889

56 3414 169 3473 Hunni
193 3414 230 3471 uh
251 3412 409 3495 Aruulpho
432 3417 508 3494 imp.
531 3413 700 3474 Oenidsntis
725 3422 827 3473 eontra
849 3414 1040 3471 Morevnrum
1060 3428 1164 3489 regem

55 3500 312 3580 Zwetspolugom
324 3502 449 3575 evocati,
472 3510 502 3559 at
515 3518 534 3557 a
546 3502 648 3559 Leone
660 3495 840 3578 philosopho
855 3500 929 3577 imp.
946 3497 1075 3555 Orientis
1089 3514 1161 3553 oon-

56 3597 107 3644 trs
118 3586 266 3664 Bulgaros
280 3587 410 3662 invitati,
423 3584 558 3665 undique
573 3586 703 3644 oolleotis
716 3584 840 3658 viribus,
854 3584 1018 3641 multorum
1030 3582 1162 3639 millium

55 3690 207 3746 numero,
228 3673 380 3751 suppetias
391 3673 482 3730 laturi
494 3672 624 3729 libenter
637 3678 866 3730 concurrerunt:
889 3664 943 3727 aad
956 3686 992 3725 eu
1006 3668 1161 3725 oooasioue

57 3766 182 3835 arrepta
201 3766 297 3815 totam
309 3759 498 3817 Pannoniam
517 3764 714 3837 ooonparuut,
743 3773 821 3834 quae
834 3751 975 3834 deinoaps
989 3753 1161 3829 Hungeriae

55 3861 174 3900 nornen
196 3840 305 3922 adepta
328 3852 384 3901 est.
436 3852 568 3923 praestet
591 3842 629 3901 de
649 3838 707 3899 hoo
726 3842 904 3898 Hunnorum
924 3836 1055 3897 adventu
1073 3836 1161 3893 tertio
1227 3874 1236 3881 -

57 3930 165 4006 legere
175 3925 385 4007 Rheginonem
396 3928 536 3987 abbatem
543 3930 752 3987 Prumiensem
762 3924 874 3983 Cliton.
889 3922 944 3983 tit.
954 3927 984 3996 2,
1000 3923 1162 4007 buitpran-

60 4012 138 4070 dum
158 4014 244 4071 Isset.
269 4014 307 4072 de
327 4013 388 4072 reb.
410 4015 526 4092 Europ.
552 4010 606 4071 tib.
631 4018 666 4086 1,
695 4011 828 4070 Annales
851 4006 1017 4068 Fuldenses
1043 4017 1112 4063 tom.
1141 4008 1163 4067 2

65 4100 179 4176 Script.
199 4098 270 4157 hist.
293 4098 403 4158 Hanc.
425 4099 472 4158 ad
488 4119 519 4157 a.
538 4102 619 4174 892,
648 4094 818 4156 cedrenum
839 4098 872 4153 in
889 4092 1050 4171 Comperta.
1073 4090 1162 4160 hist,

61 4184 255 4265 sigebertum
272 4186 306 4244 s'n
323 4184 432 4245 Chron.
448 4184 494 4244 ad
504 4204 536 4243 a.
553 4187 627 4262 908,
648 4180 715 4242 ioh.
732 4184 913 4241 Aventinum
933 4176 1051 4238 Annei.
1070 4176 1163 4235 Boio-
