2792 4709
351 248 607 318 DESCRIPTIO
633 248 666 317 S.
692 249 884 319 SOPHIAE.
1118 252 1170 325 99

62 426 140 473 nm:
163 415 314 493 processit
332 424 434 473 οιιιοοο
451 425 482 473 et
502 417 678 494 irreperutrie
697 416 826 488 Etiam,
852 432 924 475 creet
941 422 1172 495 pmceceissent

62 504 280 579 reciperatores,
312 502 436 579 sceptris
463 499 690 580 obsequentibue
714 521 772 581 per
798 500 917 561 scholae
945 503 1089 563 unledane
1094 526 1108 578 ,·
1142 516 1173 563 et

63 584 298 645 amdmtibm
310 606 370 665 per
382 606 493 643 aeneae
503 596 610 663 portae
623 606 780 647 uscemum
794 590 828 647 c'u
841 588 1064 647 cuteohmem‘a
1075 589 1171 648 eccle-

64 674 137 743 siae,
161 692 228 730 reon
238 672 338 729 retem
349 674 383 729 in
393 671 532 750 plateam
543 671 668 733 Binbole‘
681 683 736 733 alc.
767 673 822 733 ubi
827 672 937 752 platea
948 673 1072 734 Ehsbolc‘
1082 675 1172 735 ride·

65 768 111 816 tur
123 774 195 815 esse
208 757 337 815 inferior
350 760 493 836 porticus.

149 842 205 905 42.
241 843 425 901 luiuferiore
432 841 746 923 porticumeridionali
757 844 872 902 exstitit
881 840 1017 903 ιοᾶίοολο
1026 844 1077 903 vel
1088 846 1168 922 οιιλο,
1296 907 1299 911 ,

65 928 169 1007 inqua
176 930 352 1006 imperator,
362 946 432 986 cnm
442 948 594 989 sacrorum
603 931 748 989 librorum
756 929 916 987 lectionem
923 928 1028 988 auditu
1034 934 1173 1010 excipis·

65 1012 135 1085 hat,
166 1016 333 1071 consistere
346 1014 477 1085 solebat,
516 1018 557 1075 ait
571 1015 653 1073 enirn
666 1015 855 1074 silentiarius
868 1025 947 1074 stara
960 1014 1000 1073 ed
1014 1014 1172 1075 meridiem

67 1101 221 1175 porticum
232 1116 449 1173 marmoream,
473 1102 698 1180 septentrionali
711 1101 998 1159 οιοοίοοιὶιιιὶλοιο·
1017 1098 1172 1160 sedilium

68 1180 181 1241 habere
203 1182 352 1263 quiddam
372 1186 519 1265 emplius:
549 1204 637 1245 muro
659 1186 741 1243 enirn
757 1186 909 1245 nselmum
924 1186 1025 1245 locam
1041 1205 1170 1264 οοιιιιο,
1188 1196 1213 1251 Ρ
1229 1196 1282 1258 654

68 1268 121 1325 nhi
140 1271 341 1348 imperatores
362 1286 515 1331 sacrorum
532 1270 679 1332 librorum
701 1271 863 1331 lechonem
883 1269 990 1331 auditu
1006 1274 1173 1353 excipiunt.

70 1356 112 1412 eie
124 1355 179 1413 ille
194 1364 275 1434 part.
290 1358 312 1417 2
324 1373 354 1413 v
370 1352 451 1419 164·

610 1436 668 1544 ἔχει
683 1436 718 1502 dl
730 1460 761 1501 τι
775 1434 868 1503 πιλίον
880 1433 956 1519 ἥδε·

234 1518 376 1629 eelqes'
338 1544 397 1605 γορ
411 1543 471 1585 τινι
485 1524 585 1602 χοῖρον
600 1518 806 1605 inaequitate
819 1520 969 1601 quidem

236 1610 404 1670 Aocoeluv
417 1610 554 1687 dcccliii.
576 1609 770 1683 &conlucere
785 1608 819 1672 ίν
821 1607 964 1715 ίοροοῖς,

238 1686 355 1755 ἔνθαδ’
363 1689 438 1799 ἐμὸς
448 1697 635 1774 σκηιποῦχος
647 1688 1011 1803 ίῳήμενοςῆθῶδιθοίιιφ

75 1880 111 1918 ex
131 1771 883 1942 &busuqqqpp‘rqusfelfigqqu'qidqmlqlgqeq'
858 1802 1065 1923 dulnhvnmhtam
1080 1863 1175 1923 mnr'!

75 1956 191 2024 septam
210 1966 280 2005 eam
299 1966 378 2022 esse,
411 1966 488 2029 quse
511 1951 675 2009 etiamnum
689 1959 749 2009 atat
765 1948 897 2009 adlatus
909 1944 1107 2009 meridionale
1118 1948 1176 2007 be·

74 2034 179 2105 matis,
212 2033 247 2089 in
262 2051 322 2114 que
339 2052 476 2094 summus
491 2036 659 2095 Turcorurn
675 2036 812 2094 soltanus
826 2037 972 2109 consistit,
1003 2031 1077 2091 dum
1092 2049 1177 2093 mara

73 2118 201 2195 profanu
214 2119 250 2174 in
263 2136 347 2177 οοοιο
361 2120 434 2177 olim
446 2120 560 2199 templo
573 2130 771 2199 peraguntur,
793 2129 824 2179 et
837 2118 982 2201 adquam
991 2130 1178 2200 perportant

75 2202 256 2259 orientalem
275 2224 315 2262 ex
336 2204 440 2263 Sarsio
465 2202 590 2264 accedit.
633 2216 723 2285 etque
740 2202 814 2264 inde
837 2204 981 2265 docemur
1004 2203 1080 2286 quid
1102 2202 1178 2263 velit

74 2286 210 2346 eodinus
224 2286 263 2346 de
279 2288 365 2347 offic.
380 2308 408 2347 o.
425 2290 464 2354 16
478 2308 510 2347 n.
523 2288 561 2363 4,
591 2287 665 2349 dum
681 2293 723 2349 ait
737 2292 950 2370 imperatorem
965 2291 1000 2349 in
1018 2290 1178 2349 ecclesiam

75 2369 264 2451 sophianam
281 2373 458 2452 procedere,
484 2375 630 2455 ibiquaS.
647 2378 753 2434 Basilii
767 2378 953 2453 precationes
970 2394 1024 2433 seu
1039 2374 1179 2432 illinsli·

74 2457 199 2515 brorum
212 2458 374 2517 lectionem
388 2457 493 2517 auditu
506 2462 662 2537 excipere,
684 2463 770 2518 iuxta
785 2460 988 2566 diaconiqum.
1020 2452 1179 2537 ἆπίοχοῐοο

76 2538 172 2615 ι’ίς
135 2566 196 2621 την
211 2540 303 2624 ὦγίον
317 2547 441 2621 Σοφίαν
455 2542 613 2651 precede,
641 2538 736 2606 ecl’
715 2542 820 2606 οκοιίει
840 2539 916 2625 παρ’
940 2537 1033 2606 advoc
1022 2539 1106 2615 τὰς
1120 2544 1180 2605 coti

77 2622 211 2709 μεγάλου
239 2632 400 2691 Βοσιλείον
431 2624 536 2707 ον’χοίς,
573 2630 704 2708 πλησίον
723 2632 779 2691 τοῦ
804 2630 990 2692 διοκονινοῦ
1031 2644 1105 2686 nam
1127 2626 1179 2687 hio

78 2716 207 2772 sumitur
222 2712 410 2773 diaconicum
424 2734 479 2794 pro
492 2712 638 2774 conchula
653 2715 789 2787 bematis,
812 2731 890 2795 quae
906 2713 945 2774 ad
958 2713 1110 2773 sinistram
1123 2732 1181 2774 sau

79 2799 215 2858 adlatus
236 2798 431 2858 meridionale
454 2802 576 2859 maioris
597 2797 728 2859 conchae
751 2809 829 2875 erat,
860 2810 895 2859 nt
912 2799 991 2858 inira
1005 2800 1179 2877 probamus,

80 2895 170 2965 etque
181 2883 258 2942 adeo
274 2904 351 2964 quae
362 2886 429 2944 loco
443 2882 514 2943 huic
526 2902 612 2943 muro
625 2886 742 2944 secluso
751 2887 890 2964 proxima
905 2896 977 2959 erat,
1001 2887 1104 2966 inquo
1117 2888 1181 2942 im·

78 2980 199 3048 perator
207 2974 367 3029 consistere
376 2970 501 3044 solebut,
514 2990 582 3028 oum
592 2988 744 3029 sacrorum
754 2972 898 3029 librorum
909 2970 1030 3029 lectioni
1044 2967 1182 3027 anditum

80 3074 170 3113 suum
179 3054 354 3135 praebebat.
396 3058 544 3113 incertum
562 3074 649 3134 porro
671 3074 710 3113 an
731 3057 809 3113 alins
829 3054 928 3113 eidem
949 3053 1085 3112 addictae
1101 3062 1182 3111 esset

82 3140 194 3199 locus
184 3160 218 3198 m
235 3142 377 3214 ecclesie,
409 3140 483 3198 dum
495 3151 698 3199 sacrosanctae
699 3140 851 3223 liturgiae
862 3144 1013 3211 intererat,
1036 3137 1181 3217 proinde-

82 3244 142 3305 que
163 3244 204 3281 ιιι
222 3244 259 3283 eo
283 3225 343 3283 loci
366 3228 516 3304 assignate
538 3226 611 3283 olim
631 3215 723 3284 fuerit
735 3223 909 3285 Theodosio
928 3226 1101 3303 imperatori
1114 3222 1182 3283 οὓ.

81 3309 241 3369 Ambrosio
265 3308 485 3369 Mediolanensi
508 3312 646 3389 episcopo
668 3312 702 3368 in
726 3311 852 3369 ecclesia
871 3308 970 3369 sedes.
1017 3327 1091 3366 nam
1110 3326 1182 3367 curn

82 3393 248 3475 aliquando
261 3394 426 3453 Mediolani
440 3392 641 3469 Theodosius,
658 3414 743 3455 more
755 3398 860 3476 utiquo
873 3404 1001 3474 recepto,
1017 3395 1184 3452 sacrarium

83 3482 236 3559 ingressus
256 3492 324 3559 post
345 3478 492 3539 donorum
514 3480 695 3539 oblationem
715 3484 748 3538 in
767 3500 803 3539 ao
822 3478 1023 3553 consedisset,
1044 3477 1079 3537 id
1091 3496 1183 3557 aegre

83 3568 152 3624 tulit
163 3565 361 3639 Ambrosius3
390 3564 642 3645 consideransque
665 3584 734 3624 eam
748 3562 995 3625 consuetudinem
1009 3565 1060 3621 vel
1076 3583 1117 3623 ex
1131 3582 1184 3623 ss-

84 3654 252 3709 tentatione
265 3652 315 3709 vel
329 3670 370 3708 ex
383 3648 497 3709 ordinis
509 3652 626 3709 inscitia
640 3660 829 3725 cesenatem,
850 3652 1023 3730 imperatori
1035 3651 1067 3706 in
1084 3649 1185 3707 ecole-

85 3738 128 3795 sia
143 3738 246 3794 locum
259 3738 423 3814 assignarit
439 3745 506 3793 ante
526 3737 647 3794 sacrarii
669 3737 835 3809 cancellos,
856 3738 898 3793 its
917 3745 951 3792 ut
962 3736 1110 3813 populum
1121 3736 1185 3791 irn-

84 3832 214 3901 perator,
228 3824 440 3899 imperatorem
454 3818 559 3879 ordine
571 3819 652 3879 sedis
665 3820 833 3880 sacerdotes
849 3816 1073 3879 antecederent·
1088 3814 1184 3880 τόπον

86 3902 164 3968 eleut
175 3928 233 3968 του
222 3906 395 4009 ’βασιλέως
408 3906 441 3967 lv
453 3904 595 3990 ἐκκλησία
607 3902 753 3986 τίοοχι
719 3928 774 3968 τον
784 3902 845 3985 πρὸ
856 3910 919 4012 τοῖν
931 3901 1116 3983 decederem
1127 3904 1185 3964 tori

86 3992 251 4097 laqcrelov,
282 3985 357 4091 qcre
371 4012 425 4053 τοο
413 3988 496 4070 μὲν
512 3994 588 4052 icari
602 3987 653 4053 τὸν
666 3994 834 4073 κροτοῦντα
846 3988 905 4068 τήν
918 3990 1083 4071 προεδρίαν
1096 3987 1185 4065 ἔχειν,

87 4074 183 4138 adron
171 4072 234 4139 dl
245 4072 320 4148 rode
333 4074 430 4153 ίερίος
444 4078 674 4153 προκαθῆσθαι.
716 4076 808 4134 rerba
828 4086 899 4135 sunt
913 4074 1108 4137 Sozomenii
1130 4069 1184 4145 24,

87 4162 197 4243 quihus
218 4180 349 4220 consona
369 4159 459 4219 habat
471 4157 710 4227 Theodoritusd
732 4164 783 4225 17
826 4158 911 4218 addit
924 4156 1129 4235 Theophanes
1147 4157 1186 4214 ah

88 4266 123 4304 ao
138 4256 275 4325 tempore
289 4264 406 4306 morem
420 4243 501 4305 hunc
512 4246 693 4321 invaluisse,
718 4257 753 4305 ut
767 4242 908 4323 deinceps
922 4246 1117 4321 imperatores
1129 4258 1190 4303 ex«
