2792 4709
363 216 418 283 AD
443 208 722 285 NlGEPHORUM
744 213 898 283 NOTAE.
1108 216 1182 289 107

57 384 155 444 sium
175 400 218 443 ex
232 382 329 443 tirone
347 380 456 443 ducem
470 382 571 443 faciat.
614 379 669 443 ced
682 400 782 465 neque
798 380 837 442 de
849 382 1008 444 Anaetado
1022 381 1105 464 apud
1120 384 1180 443 Ge-

58 470 208 527 drenum
221 470 347 529 verbum
360 470 475 542 ullum
495 479 526 528 et
538 470 612 529 Saea
623 472 784 529 venenam
794 466 860 529 dux
871 489 899 528 a.
910 472 1043 529 Heraclii
1054 474 1074 534 6
1086 466 1181 529 chal-

60 553 224 615 cedonem
245 557 400 634 pervenit,
419 572 482 615 ιιοιι
501 557 605 635 utique
625 555 765 630 ahsente,
785 564 821 614 ut
834 558 892 615 iate
904 556 1006 634 fingit,
1027 556 1179 615 Heraclio.

61 639 126 697 sed
153 650 298 699 sexcenta
323 650 392 700 cunt
415 640 479 697 eius
501 641 619 719 generis
644 642 677 701 in
701 642 760 699 iata
784 638 995 721 chronologia,
1018 659 1109 721 quam
1125 643 1179 721 qui

62 728 199 886 5οὲιὲμῆ
214 745 344 871 ιιὲριιιο
327 723 608 872 Cedrenumnpeque
624 726 881 870 eliumcGrpffilm
891 728 1003 872 {23:1¹1
1003 730 1181 870 ¹pcrippprem
1248 734 1265 755 ⁸

62 812 152 869 vat
194 830 226 869 se
301 830 473 869 eraueex
529 813 689 871 uanissimi
733 831 750 871 a
788 815 795 827 '
850 815 875 872 'a
994 814 1059 871 'm
1113 822 1182 871 ueta

64 896 185 954 nullo'
160 831 288 954 iudicid
305 830 461 975 deoqerpeit.

161 1000 195 1060 Ρ.
216 985 256 1045 10
271 1000 301 1038 v·
322 984 372 1044 16·
417 972 506 1053 οὗτοι
527 975 633 1043 lei
596 1004 653 1059 την
671 973 889 1061 Ἀλεξάνδρον]
921 978 1126 1062 Theophanes
1145 998 1182 1038 ιο

66 1063 232 1125 cedrenus
244 1064 354 1125 iisdem
366 1076 493 1146 uterque
506 1065 605 1125 verbis
617 1085 695 1126 auno
710 1064 743 1124 id
757 1067 889 1125 Heraclii
902 1068 922 1129 6
937 1071 1095 1146 contigisse
1108 1086 1182 1125 nar-

67 1161 160 1227 rant,
183 1149 310 1231 proinde
336 1149 447 1211 chricti
460 1149 521 1215 615
536 1152 669 1215 ve1616
712 1150 818 1233 quod
808 1152 947 1230 inprimis
960 1150 1182 1211 observandum

70 1246 132 1295 est.
178 1254 252 1295 nam
278 1247 309 1295 et
333 1234 383 1301 hic
401 1240 533 1295 immane
556 1246 703 1316 quantum
727 1234 970 1315 chronographos
991 1240 1067 1296 ratio
1092 1238 1182 1315 fugit,

71 1340 149 1380 oum
169 1324 291 1381 loannis
313 1320 513 1381 Alexandrini
532 1322 706 1382 Eleemcuia
721 1340 815 1382 annoa
831 1332 921 1404 atque
937 1324 1053 1381 obitam
1069 1321 1184 1381 decori-

69 1407 165 1465 hunt.
209 1426 301 1487 quem
323 1405 510 1487 Nicephoruc
530 1408 564 1465 in
584 1404 732 1467 (lhrouico
750 1405 864 1467 sedisse
886 1426 981 1469 aunoa
1002 1412 1042 1473 10
1066 1409 1184 1467 arserit.

70 1494 182 1571 itaque
206 1512 233 1550 a.
255 1494 369 1556 (1.620
391 1492 554 1553 decessisse
576 1490 658 1551 huno
678 1494 712 1550 iu
729 1493 898 1551 Annalibus
917 1493 1044 1571 legitur3
1078 1503 1108 1551 et
1127 1512 1183 1551 eo·-

74 1576 150 1635 dem
173 1596 251 1637 anno
270 1580 405 1637 Nicetam
423 1579 583 1657 patricium
603 1578 640 1635 ab
658 1578 797 1637 Heraclio
813 1581 941 1637 mireum
954 1577 1182 1637 Alexandrinae

74 1662 225 1721 ecclesiae
247 1666 390 1742 pecuniae
406 1666 440 1723 iu
457 1663 563 1723 fiscum
585 1661 722 1741 redigere
742 1664 884 1723 voluisse.
926 1684 1032 1743 porro,
1053 1666 1182 1723 Leontio

73 1758 173 1823 teste,
203 1750 378 1830 priusquam
396 1746 633 1809 Alexandriam
652 1747 787 1809 hostium
805 1758 986 1828 parentalem
1007 1751 1138 1823 veniret,
1164 1768 1184 1808 a

73 1834 183 1891 Niceta
198 1834 317 1912 (ipolim
330 1831 475 1893 abductae
489 1834 523 1892 in
535 1834 642 1893 itinere
656 1834 741 1895 obiit.
782 1853 890 1894 rernm
905 1838 960 1915 qui
975 1838 1075 1914 potuit
1089 1837 1184 1893 Nice·

76 1921 170 1977 tasin
184 1936 219 1977 ea
230 1920 304 1978 urbe
316 1921 529 2000 provinciaque
543 1921 686 1998 pecuniae
700 1920 853 1998 colligere,
875 1937 967 1999 quam
978 1919 999 1983 5
1011 1922 1074 1979 iam
1087 1927 1183 1979 amice

75 2006 190 2062 Persae
206 2006 240 2063 in
254 2014 432 2085 potestatem
448 2002 616 2063 haberent‘l
659 2023 752 2085 quare
773 2000 1043 2065 metachroniemue
1064 2016 1110 2064 eet
1127 2023 1186 2062 an-

78 2108 192 2147 norum
213 2089 244 2153 5.
289 2089 397 2171 quadri
418 2093 546 2149 loannes
569 2090 606 2148 ah
632 2091 772 2149 Heraclio
796 2088 1021 2149 Alexandrinae
1042 2090 1186 2151 ecclesiae

80 2175 250 2253 praefectae
278 2186 339 2250 est,
372 2174 454 2258 quod
484 2174 568 2234 idem
594 2176 739 2235 [acontiae
758 2174 872 2253 prodit,
904 2186 939 2235 ut
958 2175 993 2235 id
1016 2195 1097 2235 anno
1120 2178 1186 2235 eius

80 2260 180 2338 primo
199 2260 313 2320 factum
333 2262 388 2337 eit,
409 2263 531 2320 nonnisi
554 2264 575 2326 6
598 2278 693 2320 annae
710 2278 781 2319 eam
798 2260 956 2321 eccleciam
973 2259 1183 2321 administrare

104 2346 191 2404 oluit.

81 2364 103 2425 P
167 2450 200 2510 Ρ
215 2434 250 2495 11
267 2450 297 2491 v
309 2434 360 2495 11.
403 2428 554 2505 ἐξουσίαις
558 2426 629 2535 δεῖ]
649 2426 977 2508 mendorahaeocunt,
997 2431 1104 2491 utalia
1117 2431 1188 2511 ple·

84 2534 187 2597 raque.
228 2517 290 2595 leg
306 2510 345 2595 δή
360 2527 390 2576 et
401 2509 574 2595 φα1νοιτ
552 2540 592 2577 αα
606 2510 739 2579 πῶιιοτι.

166 2620 197 2681 Ρ
189 2604 254 2664 .12
267 2622 296 2662 v
314 2605 363 2665 10.
404 2605 501 2663 ταῦτα
515 2599 566 2665 lul
581 2598 676 2681 τέλει]
698 2621 798 2683 neque
812 2599 889 2661 haec
904 2604 1038 2663 uaniora:
1061 2620 1103 2661 ex
1116 2602 1187 2684 qui·

83 2688 142 2747 hus
153 2698 254 2746 tamen
268 2706 444 2793 germanum
459 2706 582 2747 sensum
595 2684 714 2747 odorari
727 2686 908 2749 studuimus

170 2792 201 2852 Ρ
192 2776 255 2837 .18
265 2793 295 2832 v
311 2775 340 2836 1.
382 2766 545 2853 Ὀλύμπιος
556 2768 624 2853 μὲν]
639 2771 736 2832 iidem
747 2774 838 2853 plane
849 2774 1060 2833 recensentur
1051 2792 1084 2831 m
1093 2773 1186 2831 Alex.

86 2854 243 2917 Chromin
256 2860 382 2938 epistola
395 2860 528 2917 Heraclii
540 2856 580 2917 ad
594 2856 758 2919 chosroen.
800 2868 832 2919 at
843 2858 996 2919 cedrenus
1009 2862 1051 2923 70
1065 2878 1105 2916 ex
1117 2878 1187 2917 me-

88 2944 224 3022 gnatibua
242 2944 391 3022 profectos
408 2946 531 3003 asserit.
553 2942 607 3003 aed
622 2964 791 3025 perperam.
833 2942 1035 3025 expungenda
1050 2946 1187 3003 enimli-

88 3038 151 3087 tera
172 3049 204 3105 o,
232 3039 267 3088 ut
288 3039 318 3089 et
338 3029 419 3110 apud
439 3028 675 3109 Theophanem,
705 3049 783 3112 quae
808 3050 969 3090 numerum
991 3030 1082 3089 illum
1105 3027 1188 3132 apud

89 3116 214 3173 Graecae
228 3112 351 3175 indicat.
393 3118 570 3175 Anutesiua
584 3134 673 3195 porro
686 3118 721 3175 in
735 3114 845 3176 eodem
859 3114 1007 3177 chronico
1019 3110 1188 3196 πρεσβύτε-

90 3222 141 3283 ρος
153 3198 203 3263 καὶ
214 3194 373 3283 ονγκελλος
382 3202 564 3261 nominatur.

171 3284 212 3343 ib
229 3304 260 3343 v
276 3290 326 3351 19.
370 3284 401 3362 ἐξ
415 3310 451 3349 ou
439 3278 519 3348 καὶ
531 3282 570 3348 ‘ccl
583 3286 723 3393 πλεῖστα]
745 3282 914 3346 chronicon
926 3284 1188 3347 Alexandrinum.

90 3394 182 3457 comp
199 3392 240 3456 ιρι
228 3368 317 3433 lm
334 3364 539 3457 οἷαρτήθησαν
552 3370 584 3433 οἱ
594 3364 737 3477 κτήτορες
750 3375 815 3434 τοῖν
831 3368 1036 3480 πρλιιιιιιὸν”
1014 3395 1116 3453 αριοιν
1136 3367 1188 3433 ort

91 3460 206 3562 γραφῆς
220 3434 303 3518 καθ’
322 3455 446 3520 ἕκαστον
461 3450 674 3561 νομίσματα
647 3480 683 3538 y
725 3456 779 3520 καὶ
798 3453 871 3536 perci
884 3455 1092 3565 τὸπαρααχεῖν
1107 3450 1190 3519 udr-

92 3566 142 3613 τας
162 3535 276 3614 εὐθέως
295 3545 338 3627 τῷ
359 3536 528 3649 Αὐγούστῳ
549 3541 679 3623 μηνὶ
640 3566 696 3622 τις
715 3568 735 3614 ς
729 3539 948 3619 ’ἰνδαιιιοῖοος
962 3539 1126 3622 charmide
1141 3562 1190 3603 τε·

93 3628 174 3701 tntae
192 3624 215 3706 ἡ
235 3629 361 3709 χορηγία
382 3632 444 3691 τοῖν
465 3622 567 3692 αὐτοῖν
582 3625 782 3693 πολιτικοῐο”
761 3651 870 3710 αρτοιν.
910 3633 1012 3711 itaque
1030 3627 1139 3685 indict·
1159 3631 1190 3702 6,

94 3732 121 3771 a.
135 3714 261 3771 Heraoln
276 3714 313 3789 8
334 3732 440 3773 meuse
450 3717 604 3795 Augusto,
625 3712 684 3775 1ιοο
700 3725 747 3773 ect
759 3712 871 3773 Christi
883 3716 963 3792 618,
986 3732 1106 3773 annona
1118 3732 1193 3792 cup-

94 3816 191 3878 preua
209 3809 264 3857 eet.

174 3881 213 3941 16.
232 3902 261 3942 v.
278 3886 329 3947 23.
372 3880 425 3945 aad
446 3882 585 3963 chaceur
606 3877 658 3947 1ιοῖ
678 3860 794 3963 cadro]
816 3881 896 3943 nihil
920 3881 1002 3964 apud
1022 3884 1097 3944 alica
1117 3885 1193 3942 cori-

96 3977 189 4050 ptorea
202 3967 239 4027 de
254 3968 402 4029 eiusmodi
416 3972 546 4029 Heraclii
561 3969 685 4031 concilio
697 3969 800 4047 legere
814 3971 952 4029 memini.

174 4074 204 4133 Ρ.
196 4051 260 4116 .14
273 4073 304 4112 ι.
318 4054 349 4118 5.
393 4052 504 4135 dycdv
523 4050 681 4137 ἱερᾶρχης]
704 4074 825 4113 caueam
848 4058 944 4134 aperit
962 4052 1039 4113 haec
1056 4050 1193 4127 historia,

99 4160 183 4222 quam
206 4142 297 4198 ceteri
319 4138 525 4216 dissimulant,
556 4162 609 4200 our
629 4138 822 4201 iureiurando
847 4161 880 4200 ae
903 4141 1015 4219 populo
1036 4140 1194 4200 Heraclius

101 4226 296 4287 obstrinxerit.
340 4225 378 4285 de
394 4246 454 4309 quo
467 4184 672 4308 Theophanes
687 4245 768 4287 anno
781 4227 913 4287 Heraclii
931 4228 987 4291 12.
1009 4219 1100 4290 πιστοὶ
1120 4220 1195 4299 dode
