2792 4709
368 136 730 207 meletianorum
756 138 909 205 Nom.
1119 138 1193 211 117

57 296 136 355 lim
166 299 315 357 translata
339 316 405 357 esse
425 292 463 363 rei
486 295 618 383 {pomerei
636 293 727 375 tite,
749 300 859 359 indier.
873 304 904 365 2.
947 299 1193 383 prorhmnirmm

60 392 125 441 ost
146 402 300 441 annorum
313 382 377 442 fem
393 384 426 459 6,
447 382 600 464 siquidem
613 403 642 443 a.
656 383 803 445 duntaxat
817 386 949 445 Her-solii
963 385 1015 462 21
1035 398 1072 446 ut
1086 399 1192 448 arctor

61 479 126 525 est
141 466 357 549 Theophanes
371 488 410 527 ao
419 468 581 545 cedrenus,
599 478 799 549 transportata
815 472 853 529 ab
866 474 1046 551 imperatore
1061 475 1190 533 mnetie-

63 556 164 611 sium
182 572 220 612 ae
234 554 351 613 vivifica
371 574 447 613 erux
460 564 521 629 est,
553 555 683 633 Syriacis
704 556 793 615 rebus
815 557 906 636 plane
926 556 1101 637 desperatis.
1144 568 1200 619 est.

63 636 132 695 laio
158 656 189 695 a.
213 640 247 698 G.
261 640 341 715 684,
361 637 469 699 letior.
488 643 520 703 7.
562 640 609 699 bis
630 641 725 721 igitur
744 643 865 721 cpolim
883 640 1009 701 advecta
1030 662 1107 703 arax
1127 655 1184 703 est.
1201 647 1224 701 P
1242 648 1278 705 72

66 726 223 801 primum
238 744 266 782 a.
283 726 413 783 Her-aelii
430 725 480 798 19,
501 724 593 784 sirnul
606 736 696 807 atque
715 747 731 783 e
751 726 875 785 Perside
890 738 1007 808 reoepta
1022 738 1078 788 ert.
1109 727 1189 788 unde

69 809 119 865 ab
136 810 285 869 Heraclio
301 812 461 885 translata,
492 810 534 868 ab
555 808 662 870 eodem
682 810 781 871 denuo
800 823 867 891 post
883 816 1012 876 annos6
1028 811 1067 872 ad
1084 815 1190 873 urbem

71 895 227 953 remissa.
270 905 302 954 et
312 893 501 975 Nicephorus
515 906 675 977 utramque
695 900 922 957 translationem
938 900 1108 979 pmmiaoue
1128 896 1187 957 ha-

71 980 162 1037 buit.
225 980 400 1059 sigebertus
423 1000 452 1039 a.
476 981 540 1044 635
565 982 728 1039 Saracmis
751 985 793 1039 ait
820 984 941 1061 Syriam
960 982 1190 1061 infulmfflur,

77 1064 255 1123 Heracliae
275 1084 393 1125 crucem
410 1075 551 1124 ranetam
565 1066 681 1125 daunai
693 1065 735 1124 ab
745 1067 941 1133 Himeealem
956 1068 1074 1146 epota.
1086 1078 1188 1129 trane

73 1149 166 1207 tulit.
214 1170 276 1209 uno
291 1152 450 1233 ennepius
466 1148 548 1211 dieit.
591 1150 646 1211 sed
661 1172 765 1211 revera
780 1172 877 1212 annus
890 1154 949 1212 fuit
962 1152 1036 1217 634.

171 1254 206 1313 p·
219 1237 261 1299 26
277 1254 307 1317 r.
322 1236 353 1298 9.
396 1230 435 1299 eei
449 1232 546 1309 notaio
562 1232 595 1299 δὲ
608 1230 734 1317 χρόνος]
755 1240 886 1297 Her-aelii
901 1242 964 1312 22,
985 1235 1097 1297 christi
1111 1238 1187 1313 631,

79 1319 205 1377 Arabes
218 1338 236 1377 a
254 1322 396 1381 Romanis
411 1319 553 1379 deficiunt
564 1323 603 1383 ob
620 1340 726 1399 rogam
738 1326 801 1381 sire
813 1320 989 1383 donativum
1001 1324 1038 1381 ab
1053 1325 1186 1402 impera-

78 1408 161 1463 toris
183 1403 321 1464 eunucho
342 1426 411 1465 oum
432 1408 613 1465 contumelia
637 1406 828 1485 denegatum.
879 1404 1020 1487 Theoph.
1036 1408 1139 1487 Sigeb.
1156 1427 1186 1467 a.

78 1494 162 1555 638.
186 1488 294 1548 eodem
310 1510 337 1549 a.
352 1494 479 1550 moritur
494 1491 680 1551 execrandus
695 1494 749 1551 ille
762 1491 966 1552 Machometes
978 1492 1027 1551 die
1041 1494 1121 1551 Iunii
1136 1494 1187 1555 17.

79 1574 440 1651 temereternere,
469 1578 522 1657 qui
539 1596 565 1635 a.
580 1579 712 1635 Heraclii
724 1581 782 1652 23,
805 1576 913 1637 ludier.
928 1578 963 1652 5,
984 1578 1186 1637 Palaestinam

81 1662 228 1719 vastarit.
270 1680 298 1720 a.
310 1681 381 1721 vero
395 1662 526 1721 Heraclii
538 1659 579 1725 24
592 1664 727 1737 moritur,
746 1662 813 1721 Ind.
826 1669 858 1737 7,
876 1682 946 1722 oum
959 1674 1124 1741 regnamet,
1145 1664 1188 1721 ait

81 1742 306 1825 Theophanes,
327 1766 354 1805 a.
367 1750 398 1810 2.
441 1744 594 1806 Gedrenue
606 1743 690 1805 addit
699 1766 820 1809 memes
832 1750 865 1812 6.
883 1754 888 1764 '
906 1747 1040 1808 suoeedit
1049 1751 1187 1822 Omeros,

84 1852 104 1889 a
118 1850 181 1913 quo
194 1834 300 1890 Bostra
316 1834 455 1911 aliaeque
469 1832 560 1891 urbes
574 1842 774 1911 expugnatae.

174 1915 216 1973 ib.
241 1936 272 1976 v.
291 1919 341 1981 10.
386 1911 484 1991 εὕθύς
494 1909 685 1998 Ἡράκλειος]
706 1916 816 1977 eodem
830 1916 961 1975 Heraeiii
979 1935 1009 1973 a.
1023 1912 1067 1982 84
1081 1912 1188 1975 Theo-

85 2000 181 2061 dorus
196 2004 328 2061 Heraclii
343 2002 438 2062 frater
453 2003 493 2061 ab
505 2004 614 2062 Omaro
628 2006 767 2079 vineitur,
788 2000 860 2061 inde
873 2004 1018 2061 Emesam
1033 1998 1075 2059 ad
1087 2003 1189 2080 impe-

85 2096 220 2147 ratorem
240 2088 328 2167 fugit.
371 2090 421 2149 oui
436 2106 589 2147 suceessor
606 2086 694 2147 datus
708 2099 755 2147 est
765 2088 886 2148 &anes
902 2097 933 2146 et
945 2084 1189 2147 Theodorussa-

88 2170 246 2245 oellarius‚
271 2190 360 2253 equo
374 2173 490 2233 Arabes
501 2171 616 2231 Edessa
627 2174 813 2233 nemnem
826 2192 923 2254 usque
933 2172 1043 2252 agea
1082 2169 1190 2232 Theo-

88 2256 206 2337 phanes
220 2268 250 2316 et
263 2257 427 2317 cedrenus.

177 2363 207 2422 p·
217 2348 257 2406 27
271 2341 339 2405 r.5.
357 2340 391 2405 ἐκ
401 2334 512 2404 roe'roe
523 2334 716 2422 παρήγγειλε]
724 2340 857 2399 Heraclii
870 2339 923 2416 25,
936 2337 1047 2399 iisdem
1058 2341 1190 2400 auetori-

90 2431 164 2502 bur,
185 2431 303 2487 Beanes
316 2446 351 2485 ao
364 2424 546 2486 Theodorus
559 2428 691 2485 Heraclii
708 2422 801 2485 duoes
815 2446 834 2483 a
846 2426 1004 2485 Saracenis
1018 2427 1189 2503 vinciantur,

92 2518 134 2579 28
148 2513 231 2588 Iulii,
252 2514 328 2572 feria
343 2517 372 2588 8,
396 2509 619 2591 inTireophane
635 2520 749 2571 nostro.
782 2508 838 2571 sed
850 2512 978 2589 Augusti
993 2530 1048 2588 pro
1062 2511 1132 2569 iulii
1148 2530 1190 2569 ex

92 2598 227 2657 Misoella
247 2595 482 2658 rescribendum.
525 2595 632 2655 aooidit
651 2594 711 2656 hoe
731 2615 760 2653 a.
781 2596 816 2655 G.
836 2594 914 2672 634,
944 2596 1029 2676 cyclo
1048 2596 1120 2656 solia
1136 2600 1188 2671 27,

92 2686 138 2743 iit.
155 2682 234 2743 dom.
252 2687 287 2743 B.
331 2682 386 2743 sed
401 2681 538 2743 nondum
552 2683 683 2742 Heraclii
697 2701 727 2741 a.
739 2682 848 2740 inierat
861 2680 923 2758 25,
954 2700 1025 2741 eam
1037 2679 1136 2741 adhue
1149 2678 1192 2745 21

94 2768 260 2828 decurreret
276 2788 345 2830 oum
361 2766 468 2845 ladio.
479 2772 511 2833 7.

175 2854 216 2913 ib.
241 2872 271 2915 v.
296 2859 347 2919 17.
389 2858 452 2917 τοῖν
472 2846 793 2961 Oaivaopovvieripm]
814 2850 1028 2911 constantinus
1048 2847 1189 2929 Porphy-

95 2958 194 3018 rogen.
215 2938 238 2998 1.
259 2942 281 3004 2
304 2939 343 2999 de
364 2938 508 3000 Themat.
539 2932 850 3020 Οοονογοονδούροος
874 2938 918 2996 ait
944 2945 1067 2996 voratos
1093 2935 1188 2995 fuiese

93 3028 149 3085 Bul
169 3044 244 3085 aror.

150 3046 205 3191 gp.
218 3114 259 3175 28
272 3128 302 3171 v.
318 3112 350 3171 2.
391 3101 536 3187 Ἰωάννην
547 3102 598 3171 οὖν
613 3106 796 3188 Βαρκαίης]
812 3102 1018 3183 Theophanes
1032 3102 1189 3162 aecedre-

97 3215 150 3255 nus
164 3214 189 3254 a.
203 3198 243 3258 27
258 3196 385 3254 missum
403 3204 526 3253 narrent
543 3194 581 3251 ab
601 3194 783 3270 imperatore
796 3196 940 3252 loannem
953 3188 1062 3249 dacem
1075 3208 1190 3268 eogno-

98 3292 193 3339 mento
215 3282 356 3338 Kartzem
378 3276 605 3359 (Theophanes
627 3277 798 3355 Κοταίας),
826 3279 975 3337 Osroenae
992 3276 1188 3356 praefectum,

99 3370 148 3445 qui
166 3363 387 3425 chalcedonem
402 3362 483 3447 (leg.
498 3361 673 3423 Chaioidem
688 3382 730 3423 ex
743 3360 899 3439 Misoelia)
916 3358 956 3419 ad
968 3360 1076 3420 ledum
1087 3363 1190 3420 Omeri

100 3454 200 3509 ducem
217 3452 368 3531 profeotus
389 3460 511 3509 eentum
527 3450 614 3508 milia
632 3468 795 3509 numerum
814 3449 967 3527 pollicitos
982 3458 1043 3523 est,
1071 3466 1110 3503 ne
1123 3448 1189 3503 liu-

100 3534 229 3617 phratem
241 3541 391 3597 transiret.
434 3533 517 3618 quod
533 3536 603 3615 quia
617 3536 713 3593 irrsoio
727 3536 907 3614 imperatore
920 3533 1048 3605 fecerat,
1070 3531 1189 3605 relega-

103 3634 146 3681 tus
159 3632 209 3697 est,
231 3623 320 3701 eique
332 3640 486 3683 suooessor
501 3619 589 3679 datus
604 3630 650 3679 eet
661 3621 865 3679 Ptolemaeus.
900 3615 955 3675 ead
970 3618 1065 3675 alium
1078 3616 1115 3674 ab
1130 3613 1189 3673 hoo

102 3711 204 3766 Ioanne
219 3717 336 3785 oportet
351 3709 441 3767 illum
453 3728 519 3769 esse
533 3704 571 3764 de
586 3726 647 3786 quo
659 3703 845 3784 Nicephorur
862 3700 921 3761 hoo
933 3703 1011 3761 loeo.

179 3790 218 3850 ib.
243 3812 273 3849 v.
295 3796 347 3857 22.
389 3796 445 3873 τῆς
461 3790 583 3875 Ἱερίας]
615 3789 684 3849 vide
710 3810 786 3849 aum
814 3808 851 3846 eo
870 3788 1018 3866 pertineat
1038 3782 1188 3843 distichon

105 3876 173 3938 iliud
187 3898 226 3936 ex
239 3876 332 3938 Anth.
351 3879 373 3935 l.
385 3878 406 3940 4
420 3898 447 3934 ο.
462 3882 482 3941 3
496 3877 540 3951 εἰς
553 3876 672 3938 εἴσοδον
687 3874 815 3956 ἱερείας;

254 3966 364 4027 teritos
377 3956 583 4035 Ἰοοοτινιανός
597 3954 730 4041 eiyeiaire
743 3961 865 4040 dripere
875 3960 983 4038 χοῖρον,

318 4041 410 4112 ὕδατι
422 4046 474 4110 καὶ
486 4049 557 4131 γαίῃ
571 4040 679 4120 κᾶλλος
692 4037 902 4127 ἐπικωμάσας.

108 4135 290 4217 nequeenim
304 4130 344 4195 ad
360 4130 468 4195 aedem
479 4138 517 4196 B.
531 4134 662 4213 Virginis
679 4133 830 4213 pertinere
845 4127 980 4203 ridetur,
1002 4136 1035 4185 at
1048 4124 1194 4201 interpres
