2792 4709
223 208 296 285 tta
638 225 641 232 '
667 206 873 280 amanen

218 372 413 455 scriptionem
430 368 631 437 adornaruntt
656 394 729 435 uem
748 376 856 437 Petrae
877 374 996 456 (lylllue
1014 374 1062 435 rir
1080 372 1119 435 de
1136 392 1170 435 re
1191 374 1326 437 literaria

218 464 332 541 optime
345 461 471 521 meritae
484 459 556 520 huic
571 462 669 521 labori
680 464 818 521 maxime
838 480 907 521 oum
919 460 1010 521 laude
1023 461 1173 535 incubuit3
1197 471 1228 519 et
1243 481 1325 540 pau-

217 550 262 607 cle
284 556 354 605 ente
376 548 463 606 auuie
486 545 677 608 doctiorimae
694 550 869 627 Ducengiue
887 548 1046 607 uberrimie
1060 565 1096 606 ac
1112 545 1324 607 eruditissimis

217 632 440 691 commentariis
453 634 543 692 Pauli
558 634 725 693 silentiarii
740 632 972 713 descriptionem
986 633 1020 693 8.
1035 630 1170 713 Sophiae
1186 632 1326 690 illustra-

215 719 279 790 vit3
303 717 357 799 qui
370 735 444 777 eane
455 729 625 798 poetremue
640 722 767 799 scriptor
778 722 821 777 ite
835 715 914 778 hano
926 738 990 777 rem
1003 720 1141 777 tmomvit
1153 728 1187 777 ut
1198 718 1253 776 rix
1265 718 1325 775 ali-

216 800 293 883 quid
315 803 388 859 novi
410 823 445 862 uc
463 805 648 864 iuoheemti
669 807 731 864 illia
752 802 864 863 addere
884 806 1035 886 quispiam
1052 805 1157 883 poenit.
1173 798 1209 882 *)
1251 798 1324 861 hinc

216 906 308 968 porro
328 887 508 950 factumest
531 902 566 951 ut
587 891 695 951 breves
715 888 880 950 admodum
903 892 1134 950 commentorioe
1155 888 1189 947 in
1209 884 1325 947 deeri-

214 975 352 1053 ptiouem
367 972 450 1033 aedie
466 972 638 1055 Sophienee
650 977 943 1049 concinnaverirnun,
965 977 1041 1035 etin
1058 972 1140 1035 hince
1154 994 1190 1033 ea
1204 983 1324 1032 tautum

216 1077 394 1119 moneamur
416 1077 495 1141 quae
516 1062 567 1120 rel
588 1064 757 1121 necessarie
785 1080 850 1121 ecee
879 1058 1023 1120 duximus
1046 1059 1086 1119 ad
1108 1057 1325 1119 illustrandum

217 1145 372 1223 scriptorio
391 1146 487 1204 uoetrl
509 1164 646 1223 aeneum,
666 1148 718 1207 vel
739 1146 840 1207 minue
853 1146 892 1205 ab
907 1148 974 1206 aliie
988 1146 1145 1205 observata
1159 1144 1254 1204 fniaee
1273 1163 1324 1203 ar-

216 1230 374 1289 bitramur.
415 1248 521 1289 verum
541 1251 612 1290 cum
631 1252 733 1314 neque
751 1250 786 1291 ea
808 1249 885 1312 qaae
906 1228 946 1291 de
968 1233 1060 1291 variis
1082 1230 1217 1311 pertibus
1239 1226 1324 1289 aedis

218 1311 390 1395 Sophianee
412 1316 450 1373 ab
471 1318 631 1395 Anonymc
652 1328 753 1377 nostro
771 1315 925 1392 dicamur,
946 1335 1046 1397 neque
1061 1334 1188 1397 ecquae
1204 1334 1223 1373 a
1235 1314 1323 1375 nobie

218 1401 262 1459 ibi
279 1400 533 1477 observatum,
555 1402 668 1483 absque
682 1400 816 1463 eubeidio
829 1403 1000 1463 tabularum
1014 1420 1089 1483 quae
1102 1404 1201 1481 ipeam
1215 1399 1323 1459 aedem

218 1495 443 1565 repraesentant
461 1490 577 1567 percipi
597 1490 729 1569 possint,
752 1490 887 1547 maxime
909 1507 980 1547 cum
1003 1488 1134 1545 tabellae
1152 1486 1226 1545 illae
1245 1505 1323 1567 quae

243 1570 335 1629 rolert
352 1570 526 1652 Ducnngiae
543 1574 645 1633 minue
663 1584 820 1633 accuratae
836 1582 1013 1633 censeantur
1028 1574 1100 1631 viria
1116 1569 1230 1647 docus,
1250 1570 1322 1631 ideo

218 1591 272 1714 hic
283 1656 417 1737 quinque
424 1659 558 1718 tabellas
571 1678 589 1719 a
602 1660 735 1719 Grelotio
749 1657 914 1719 delineatae
926 1678 1093 1740 proponere
1105 1658 1230 1738 placuit,
1247 1676 1323 1739 quen

218 1739 344 1822 quidem
357 1746 594 1803 accuratieeimea
607 1764 674 1805 eece
687 1754 824 1805 aeeeruut
837 1746 894 1805 viri
906 1742 1014 1805 eruditi
1029 1754 1060 1803 et
1072 1741 1322 1803 architectonicae

219 1829 293 1885 artie
314 1828 421 1907 periti,
444 1831 497 1909 qui
519 1827 628 1887 aedem
648 1828 835 1909 Sophianern
858 1828 911 1889 diu
932 1831 993 1909 ipei
1014 1830 1110 1889 oculis
1128 1829 1322 1909 contemplati

215 1923 298 1973 eunt.
341 1923 373 1972 et
391 1913 490 1993 prima
512 1912 636 1995 quidem
648 1915 762 1975 tubelle
778 1912 1027 1997 ichnographiam
1043 1912 1127 1974 eedie
1141 1915 1174 1973 S.
1188 1913 1322 1995 Sophiae

215 1995 359 2073 exhibet,
379 1997 511 2058 eeouudn
532 2010 725 2081 prospectum
742 2004 923 2061 exteriorem
940 2000 1205 2081 nepteutrioualem
1220 2012 1252 2059 et
1269 2020 1323 2061 oc-

215 2082 355 2158 ciduum,
382 2087 470 2143 tertia
499 2096 691 2167 prospectum
719 2088 900 2147 exteriorem
925 2084 1165 2145 meridionalem.
1214 2096 1322 2169 quarte

215 2178 319 2227 eutem
337 2167 451 2229 tabella
469 2184 663 2251 proepectum
675 2172 850 2231 interiorem
864 2170 999 2237 eiusdem
1012 2170 1094 2231 aedis
1107 2190 1211 2231 versun
1228 2172 1322 2230 altare

215 2263 430 2333 repraesentat.
479 2258 597 2336 quinta·
615 2255 747 2338 denique
771 2268 963 2339 prospectum
992 2258 1119 2317 alterum
1145 2258 1323 2317 interiorem

216 2340 311 2418 ipsine
337 2336 440 2413 aedis,
463 2342 550 2400 altari
572 2340 748 2418 adversum,
771 2361 806 2402 ac
829 2345 905 2403 ostie
928 2363 1032 2404 verena
1054 2338 1189 2401 exhibet.
1237 2340 1322 2401 hince
1372 2396 1373 2401 ,

216 2434 319 2483 eutem
344 2426 465 2484 tabellio
489 2446 639 2507 apponere
662 2431 763 2487 visum
786 2440 832 2489 eet
852 2428 1015 2487 earundem
1032 2428 1269 2509 explicationem
1285 2428 1322 2486 ah
1372 2470 1373 2511 1

215 2508 326 2570 eoderu
355 2510 489 2571 Grelotio
518 2515 634 2574 Gallico
665 2512 811 2573 idiomate
841 2517 1067 2575 concinnatam:
1096 2532 1171 2571 nam
1193 2532 1234 2571 ue
1257 2516 1323 2575 eine

214 2596 307 2656 verbe
318 2598 428 2657 Letiua
442 2598 576 2659 facerem
588 2600 679 2662 amici
693 2618 849 2661 monuere.

109 2862 132 2918 Ρ
149 2861 202 2921 tto
284 2861 554 2922 mnemon
573 2862 651 2924 uns
671 2868 840 2929 RENVOIS
861 2868 928 2942 9111
948 2866 1054 2929 ΒΟΝΤ
1073 2870 1128 2930 nu
1148 2868 1257 2931 1²th

570 2984 625 3043 Illi
648 2984 795 3047 SAIN'l'll
817 2987 970 3050 SOPHIE.

216 3152 253 3225 ἧι
271 3150 319 3209 Le
341 3150 446 3209 nullm
468 3149 505 3210 ale
526 3150 642 3235 l'lglr'ae
661 3156 699 3214 de
725 3156 830 3216 Salute
852 3156 962 3235 Sopkie
983 3168 1105 3217 convert
1123 3157 1199 3217 d'zm
1216 3158 1327 3239 grand

302 3236 401 3307 (lime,
424 3239 479 3315 qni
491 3248 533 3295 eet
544 3235 565 3297 ὰ
578 3261 612 3299 oe
626 3262 683 3320 que
696 3240 760 3300 l'on
772 3244 819 3302 dit
831 3243 868 3302 de
879 3245 980 3322 piem
987 3264 1096 3323 ponec.
1146 3244 1186 3304 θα
1200 3244 1289 3303 donee
1302 3266 1324 3304 α

301 3320 437 3379 dix-lauit
455 3324 541 3381 toties
558 3325 596 3384 de
610 3326 764 3387 diametra

214 3406 244 3465 A
269 3406 348 3465 c'eu
361 3406 501 3465 l'endroit
515 3406 554 3467 ori
568 3414 652 3469 estoit
664 3412 810 3493 outrefiie
825 3412 854 3471 le
868 3412 935 3473 ocul
948 3410 1032 3473 autel
1044 3412 1081 3471 de
1094 3423 1167 3471 cette
1181 3412 1285 3495 lglrhe.

214 3491 241 3551 B
261 3492 308 3551 Le
323 3490 525 3553 mehrobeclee
546 3498 653 3569 livea,
671 3498 744 3559 c'eet
757 3519 868 3558 comme
880 3498 946 3557 leur
953 3497 1050 3571 autel,
1064 3519 1130 3557 vere
1143 3498 1246 3580 lequel
1255 3512 1324 3558 tour

299 3576 341 3635 lea
354 3577 568 3640 Malwmetane
579 3604 610 3642 ee
623 3594 764 3643 tourrrent
771 3606 853 3664 pour
859 3584 946 3665 salte
960 3584 1026 3643 leur
1033 3584 1145 3663 prie’re5
1166 3586 1194 3643 il
1206 3586 1325 3666 eatsait

298 3662 336 3721 cle
347 3682 455 3721 meeme
465 3666 577 3745 qu'une
594 3670 683 3728 niolae
698 3670 777 3729 <lane
794 3670 925 3750 laquelle
941 3691 980 3729 on
996 3682 1054 3729 met
1069 3669 1243 3731 l'Aloor-an.
1291 3670 1324 3731 Il

298 3748 426 3827 regardo
443 3753 475 3807 la
490 3753 618 3833 Meeqoe
632 3753 672 3814 ori
685 3768 728 3815 eet
743 3756 771 3813 le
788 3754 926 3816 tomheae
941 3756 979 3817 de
993 3756 1165 3831 Maiam,
1186 3777 1255 3819 vere
1269 3758 1324 3840 qui

299 3843 394 3892 tentae
409 3832 451 3894 leo
465 3838 625 3919 Moequdee
638 3852 706 3901 cont
722 3844 867 3902 camec.

281 4094 316 4166 *)
350 4091 538 4149 Recentiornm
555 4093 623 4147 adde
639 4095 787 4149 Gibbouem
804 4095 884 4225 (cap.
899 4096 968 4173 40),
986 4094 1124 4151 nondun
1141 4093 1249 4179 (storia
1261 4092 1321 4149 dell'

215 4163 388 4221 mclintmre
412 4172 434 4221 t.
455 4162 474 4219 2
494 4179 524 4234 p.
545 4164 631 4236 121),
661 4164 823 4239 Alpinorum

216 4240 239 4285 ι
255 4231 304 4301 4).
870 4186 886 4223 e
910 4164 939 4222 la
966 4164 1084 4223 Mutine
1108 4166 1187 4239 (itm.
1212 4166 1320 4221 Orient-
