2792 4709
226 183 285 252 DE
308 183 446 254 REBUS
470 182 581 252 POST
605 181 847 252 utrumnum
871 181 1032 252 ursule.
1124 180 1175 255 43

46 353 241 440 τεάματος,
267 353 426 442 εδδόκιμόν
436 381 469 423 τε
483 361 607 434 πολλοῖς
618 351 765 434 πολλάκις
773 351 946 442 γενόμενον,
966 351 1177 444 δποφροόριον

52 463 158 546 τρισὶ
168 458 294 546 χρόνοις
310 463 360 526 καλ
376 461 469 527 ατίτδν
480 460 688 539 Ἰοαστινιανδς
705 461 859 545 ἐποίησιν·
883 456 948 526 εἶτα
966 467 1021 544 τῆς
1036 467 1177 548 φρουρᾶς

53 562 173 640 λόσας
188 564 356 650 στρατηγὸν
373 570 427 648 τῆς
436 561 583 641 Ἑλλάδος
596 561 820 650 προβάλλεται,
846 563 1025 651 αὐθημερόν
1040 560 1176 649 ἀναγκά-

56 691 134 742 σας
149 674 205 733 τοῦ
218 669 386 746 Βυζαντίου
399 667 547 754 ἀπαίρειν.
598 668 674 754 πρὸς
687 665 722 732 δν
734 669 865 752 γίνονται
879 669 962 755 φίλοι
979 666 1176 751 τυγχάνοντες

26 779 40 834 'o
58 768 179 855 ἄωρον
193 757 256 852 τῆς
277 769 383 848 νυκτός
402 768 531 848 Παῦλός
547 794 594 847 τις
609 757 744 854 μοναχδς
758 777 814 854 τῆς
826 768 1061 858 Καλλιστράτου
1076 777 1173 853 μονῆς
1188 775 1213 830 0

54 869 236 959 ὑπάρχων,
259 872 447 960 ἀστρονόμος
459 875 514 956 τήν
527 868 694 958 ἐπιστήμην
701 921 712 953 ,
732 876 783 938 καλ
796 876 828 937 Γ
824 871 966 960 ρηγόριος
977 875 1112 956 μοναχδς
1123 875 1176 938 καὶ

57 973 241 1060 ἡγούμενος
263 977 293 1041 έν
312 984 350 1063 τῇ
373 975 504 1063 Φλώρου
521 983 599 1063 μονῇ
606 1025 618 1056 ,
643 975 855 1062 Καππαδόκης
868 977 903 1041 τδ
919 977 1020 1061 γένος,
1041 973 1083 1052 ὡς
1096 1000 1175 1061 προ-

59 1080 258 1162 πέμψαντες.
309 1079 402 1159 αὐτὸς
426 1081 459 1144 δὲ
482 1081 556 1145 ἰδών
572 1078 702 1145 ἐνεκάλει
716 1083 811 1164 λέγων
825 1077 867 1156 ώς
881 1078 982 1163 μάτην
995 1105 1049 1162 μοι
1065 1079 1104 1144 τὰ
1120 1086 1176 1164 τῆς

61 1183 233 1266 βασιλείας
257 1179 561 1269 προεμαντιόσασθε·
595 1189 650 1249 νῦν
672 1184 732 1270 γὰρ
754 1184 876 1249 ἐνθένδε
897 1183 1116 1268 ἀποχωροῦντα
1136 1183 1174 1249 τδ
1209 1173 1213 1180 ’

26 1297 51 1349 t)
67 1287 164 1362 τέλος
182 1311 222 1368 με
244 1294 299 1368 τῆς
319 1289 397 1370 ζιοής
416 1287 524 1374 πικρδν
546 1284 768 1370 καταλήψεται.
819 1287 849 1351 oi
863 1287 898 1352 δέ
910 1293 965 1369 τῆς
977 1283 1050 1351 tuot
1065 1282 1174 1371 εἶργον,

62 1390 188 1471 βέβαια
210 1387 410 1475 παρεχόμενοι
429 1386 472 1468 ὡς
492 1393 518 1455 εἲ
539 1389 583 1474 μή
605 1387 755 1473 ὀκνήσειεν
770 1395 825 1473 τῆς
839 1391 978 1466 έξουοόας
990 1385 1176 1474 κρατήσειεν.

61 1489 194 1568 τοότοις
206 1496 342 1569 πεισθεὶς
357 1492 452 1570 εόθδς
463 1495 641 1576 έπικομέζων
652 1494 738 1570 τινὰς
751 1499 811 1558 τών
824 1490 981 1578 δπηρεηών
996 1492 1041 1556 έτι
1053 1499 1108 1572 τής
1121 1516 1177 1556 νυ-

63 1595 147 1672 κτὸς
169 1595 370 1682 ε’φισταμένης
391 1599 443 1660 καὶ
463 1594 543 1662 ὅπλα
563 1594 740 1680 ἀνελόμενος
754 1599 796 1672 εἰς
811 1597 847 1661 τὸ
864 1593 1050 1682 πραιτώριον
1064 1594 1177 1660 ἄνεισιν

62 1695 184 1783 ἡσυχῇ.
235 1702 285 1764 καὶ
306 1697 514 1782 σημαινόντων
533 1695 575 1776 ώς
596 1699 792 1781 τὸνβασιλέα
807 1710 945 1785 παρεῖναι
962 1701 994 1763 έν
1007 1709 1070 1774 τοῖς
1084 1699 1177 1763 έκεῖσε

26 1817 54 1870 ,5
66 1805 189 1886 πρᾶξαι
203 1801 242 1865 soi
256 1801 336 1866 κατὰ
350 1799 491 1886 γνώμην,
517 1799 603 1868 ὁτοῦ
618 1805 805 1889 πραιτωρέου
827 1801 965 1888 ὕπαρχος
986 1797 1105 1884 ὑπήντα
1125 1805 1173 1866 δι-
1189 1808 1215 1863 D

66 1903 216 1989 ανοιγνδς
230 1903 285 1982 τὰς
298 1903 412 1982 πόλας·
439 1905 473 1970 δν
490 1904 599 1971 αὐτίκα
611 1916 719 1993 χεῖρας
734 1908 785 1970 καλ
801 1904 900 1981 πόδας
912 1907 1062 1988 έπέδησεν.
1094 1904 1178 1981 έντδς

69 2008 110 2072 δὲ
122 2005 280 2092 γενόμενος
292 2005 444 2085 Λεόντιος
458 2006 574 2086 πάντας
586 2009 658 2086 τοδς
673 2011 912 2095 καθειργμένους
925 2007 1012 2072 ἔλυσε
1026 2008 1076 2071 καὶ
1090 2003 1178 2072 ὁπλό-

69 2135 135 2187 σας
149 2113 196 2176 ἐπὶ
211 2111 264 2176 τὸν
279 2110 463 2194 καλούμενον
478 2109 575 2200 φόρον
590 2110 746 2198 ἐξώρμησε
754 2159 765 2190 ,
791 2112 932 2177 κάκεῖθεν
947 2107 1178 2192 σκεδαννόμενοι

70 2212 138 2278 ἀντὶ
159 2213 258 2279 πάντα
278 2215 356 2300 μέρη
378 2221 433 2298 τῆς
455 2213 570 2292 πόλεως
588 2221 649 2301 βοῇ
673 2214 792 2302 κράζειν
811 2217 945 2280 ἐκέλευσε
960 2212 1077 2291 πάντας
1093 2217 1178 2300 Χρι-

26 2317 219 2393 sacrameto
239 2321 281 2394 eir
303 2317 337 2382 τδ
360 2317 441 2405 ἱερὸν
460 2325 514 2400 τῆς
533 2320 652 2405 Σοφίας
669 2320 902 2406 παραγίνεσθαι.
953 2319 986 2394 ἐξ
1006 2307 1048 2382 ώυ
1063 2323 1124 2380 πᾶν
1141 2316 1177 2380 τδ

73 2425 199 2502 πλῆθος
212 2422 393 2506 θορυβηθέυ
405 2423 522 2506 σπουδῇ
534 2420 610 2508 πρὸς
623 2420 676 2485 τδν
690 2426 824 2504 λουτῆρα
833 2427 889 2504 τῆς
899 2422 1058 2502 έκκλησόας
1065 2419 1179 2506 ήθροό-

72 2526 153 2604 ζετο.
204 2519 221 2586 ὃ
237 2526 269 2589 δὲ
284 2524 341 2590 σδν
352 2534 416 2600 τοῖς
427 2533 574 2607 μοναχοῖς
587 2525 637 2588 καλ
651 2520 764 2608 ἑτέροις
777 2529 840 2588 τῶν
856 2526 953 2610 φίλων
967 2521 1045 2610 πρδς
1059 2523 1179 2587 Καλλέ-

71 2651 159 2692 νικον
178 2625 231 2692 τδν
252 2632 417 2710 τηνικαῦτα
438 2624 581 2714 ἴεράρχην
601 2633 657 2711 τῆς
678 2623 794 2704 πόλεως
817 2623 950 2712 έρχεται,
972 2628 1023 2691 καὶ
1040 2623 1178 2708 βιάζεται

147 2803 164 2858 6
182 2800 274 2873 impii
368 2805 401 2861 15
418 2803 590 2875 πραιτωρόον
606 2789 750 2860 Petariust
768 2801 966 2874 πραέτωροςΡ
1069 2804 1103 2858 18
1119 2818 1178 2858 ατε·

146 2871 359 2963 δαναυμόνουςλ

76 3028 196 3098 signem,
219 3026 382 3082 lastinianus
405 3025 469 3082 totis
492 3026 579 3082 tribus
603 3027 679 3082 anuis
705 3025 735 3080 in
758 3025 1043 3095 maurianensem,
1070 3043 1181 3096 eumque

76 3106 173 3171 postea
189 3096 323 3152 dimissum
340 3097 472 3151 Graeciae
488 3105 693 3167 praeposuerat,
711 3099 802 3150 eadam
817 3098 862 3150 die
877 3096 1009 3164 Bysautio
1025 3095 1121 3148 aedera
1134 3114 1182 3148 co-

78 3175 175 3222 sctum.
210 3167 244 3220 sd
268 3166 461 3236 homoquidam
487 3184 520 3220 ax
543 3166 634 3220 amicis
655 3167 815 3236 intempesta
835 3174 914 3219 noeto
931 3164 1058 3233 ueniunt,
1085 3163 1185 3220 Paulus

77 3236 199 3292 nimirum
213 3237 355 3289 monachus
372 3253 407 3288 ex
424 3233 569 3290 callistrati
582 3235 710 3290 ooeuobio
724 3236 884 3305 astrologiae
899 3235 1017 3301 deditus,
1035 3243 1065 3288 at
1077 3234 1183 3304 Grego-

78 3308 136 3361 rius
153 3305 293 3358 mouachus
310 3304 386 3358 lueri
401 3307 560 3358 monasterio
575 3307 742 3376 praefectus,
758 3323 858 3374 genere
873 3305 1029 3387 Cappadox·
1063 3304 1111 3372 qui
1125 3322 1184 3358 oum

80 3392 140 3430 eum
154 3375 283 3428 adiissent
296 3373 368 3427 velut
380 3373 488 3426 honoris
501 3391 580 3428 oausa
593 3375 740 3443 deducturi,
757 3382 787 3428 at
800 3375 844 3427 hio
859 3374 918 3427 illos
933 3383 1039 3428 intuens
1051 3367 1183 3427 “frustra''

78 3444 167 3514 iuquit
181 3438 262 3496 “mihi
277 3443 414 3514 imperium
429 3443 568 3496 vaticinati
584 3444 664 3498 estis:
682 3461 752 3498 nuno
765 3446 833 3497 euim
846 3461 880 3498 eu
896 3443 947 3498 hoo
959 3445 1025 3496 urbe
1038 3443 1184 3511 digressum

78 3515 188 3568 uoerbus
205 3531 247 3566 ma
261 3513 333 3568 vitae
351 3513 437 3566 exitus
451 3509 568 3566 manet.”
599 3512 639 3566 illi
656 3513 775 3568 discessu
790 3514 946 3583 prohibere,
964 3521 1089 3580 certoque
1105 3511 1184 3580 poili-

80 3582 152 3650 oeri,
173 3581 226 3636 nisi
244 3583 340 3651 ignavo
359 3589 386 3635 at
401 3581 482 3636 inerti
499 3581 585 3636 auimo
603 3583 775 3651 mostellot,
794 3583 898 3636 omniuo
915 3581 1020 3650 imperii
1038 3589 1184 3650 oompotem

79 3655 148 3706 fore.
175 3651 279 3774 cinibunt
296 3653 384 3704 vorbis
405 3661 546 3706 commotus
563 3650 608 3706 ille
625 3670 682 3706 oum
699 3653 802 3721 aliquot
819 3668 955 3706 utrorum
976 3667 1054 3702 mauu
1068 3657 1184 3702 nrmntus

81 3730 160 3776 noctu
199 3739 240 3773 um
257 3721 291 3773 ad
308 3721 468 3789 praetorium
485 3723 614 3776 ascendit.
649 3721 694 3775 ubi
712 3739 769 3775 oum
787 3721 881 3774 adesso
897 3719 1082 3789 imperatorem
1098 3717 1184 3786 sigui·

81 3793 221 3858 ficassent,
247 3789 290 3843 cui
310 3789 410 3858 aliquid
427 3789 480 3844 illio
500 3791 602 3860 negotii
621 3793 764 3860 gerendum
779 3799 866 3873 esset2
892 3789 1021 3859 praetorii
1033 3787 1184 3864 praeseptus

82 3858 181 3930 apertis
197 3859 284 3914 ianuis
302 3859 432 3921 ocourritr
450 3877 526 3928 quem
542 3859 612 3914 iilioo
626 3860 744 3913 menibus
758 3877 789 3912 ac
802 3861 914 3929 pedibus
928 3856 1094 3910 constrinxit.
1128 3863 1185 3908 tum

82 3931 152 3984 iutro
166 3939 306 4010 penetrans
323 3927 450 3981 Leontius
464 3930 596 3983 custodias
610 3947 699 3982 omues
716 3928 827 4012 liberat,
848 3937 877 3982 ot
890 3927 998 3981 armatis
1013 3925 1133 4010 omnibus
1149 3925 1185 4048 τιή

81 3999 353 4138 ῗὲζλῖάλέλῖδλλ
360 3997 618 4122 ὀῗάάλλῗλλῖ
632 3997 1184 4148 ttttrttttttttttrttttt
1201 4074 1228 4114 ι,
1245 4059 1299 4114 αι

84 4137 167 4193 omnis
190 4137 294 4192 aonoite
316 4137 350 4191 aa
373 4134 556 4206 baptisterium
577 4139 703 4207 frequens
719 4135 838 4192 aduenit.
872 4137 1001 4190 Leontius
1018 4150 1076 4188 com
1092 4150 1185 4186 moue·

85 4207 141 4264 ohis
157 4213 185 4262 et
206 4205 266 4264 otis
285 4205 376 4261 amicis
392 4205 546 4262 eatinioon
562 4213 626 4264 tuno
638 4207 712 4264 urbis
726 4206 873 4262 antistitem
889 4207 960 4275 adit,
978 4220 1010 4258 ao
1026 4203 1187 4260 demandare
