2792 4709
495 223 768 294 amoisnn
1107 228 1208 328 αα

57 391 210 470 cadone,
232 389 306 452 dunt
324 393 439 452 Abares
461 411 501 452 ex
521 400 606 472 parte
623 391 739 452 boreali
756 391 876 474 cpolim
892 413 1064 474 oppugnare
1079 404 1179 456 tenta-

58 490 160 556 rent,
184 480 244 559 ipsi
256 499 296 538 ex
309 488 393 558 parta
408 476 599 538 meridionali
615 497 648 538 se
663 475 791 538 eandem
803 482 918 558 regiam
930 481 1037 540 urbem
1054 500 1179 562 aggres-

58 585 162 626 suros
177 585 243 626 essa
253 573 469 624 convenerant.
511 561 580 622 ride
596 561 707 634 ἰόίείεια
723 585 754 623 v.
769 562 842 628 496.

162 654 216 716 91.
259 652 450 731 sequentium
461 669 602 711 versuum
616 669 741 709 sensum
756 653 903 710 nonsatis
918 662 1054 731 apertum
1069 654 1113 711 sic
1128 673 1181 712 ao-

64 737 169 814 cipio.
215 755 284 794 cum
299 737 457 795 Heraclius
472 737 582 794 civium
595 733 774 795 dissidentes
789 739 904 794 animos
920 740 952 794 in
968 757 1064 796 unum
1080 739 1181 796 coale-

60 841 160 882 scere
182 820 320 896 fecisset,
342 819 380 880 de
404 819 601 900 reprimendis
623 821 772 880 Abaribua
789 824 948 902 cogitarit,
971 841 1006 880 ac
1019 843 1109 902 saepe
1124 843 1181 882 vo·

61 908 185 966 inisset
204 926 260 986 ope
283 903 385 966 dimna
404 917 433 966 et
452 909 577 986 virginis
601 909 714 966 Mariae
733 909 898 986 patrocinio
918 908 1012 966 fretus
1033 908 1072 967 ad
1090 878 1180 990 picta

63 990 225 1074 servanda
247 1012 298 1052 eoa
317 992 514 1073 compellar03
536 990 590 1050 sed
607 1012 676 1051 cum
689 995 721 1051 in
736 1012 772 1051 eo
786 1003 865 1052 esset
879 1004 912 1050 ut
928 993 1075 1053 Abaribns
1095 1013 1179 1052 erana

62 1077 216 1152 inferret,
249 1079 365 1138 Sclavis
389 1099 428 1138 ex
451 1079 510 1136 alia
528 1089 612 1157 parte
629 1079 798 1137 Romanam
816 1077 966 1138 dicionem
983 1081 1179 1156 vastantibus,

65 1174 181 1222 contra
201 1166 283 1244 ipsos
305 1161 459 1224 occurrere
472 1175 503 1222 et
515 1165 553 1222 ab
566 1165 685 1243 incepto
699 1161 842 1223 desistere
864 1165 1034 1243 cogebatur.
1077 1169 1179 1246 itaque

65 1247 262 1328 Charybdis,
290 1261 447 1330 utsupra,
478 1261 523 1308 est
542 1251 676 1308 Abacum
696 1252 796 1325 nati03
828 1251 895 1329 lupi
918 1260 987 1308 eunt
1009 1249 1110 1326 Sclavi
1128 1249 1179 1308 vel

64 1337 203 1394 Persae:
232 1345 262 1394 at
281 1337 402 1415 Gorgon
425 1333 475 1393 hic
495 1346 621 1395 nonest
643 1345 828 1410 monstram,
856 1332 911 1394 sed
931 1337 1034 1412 imago
1052 1336 1178 1413 virginis

66 1422 208 1498 Mariae,
231 1422 316 1480 cuius
334 1442 391 1501 cpe
409 1421 564 1479 Heraclius
586 1422 648 1480 iam
662 1431 751 1480 autea
763 1431 926 1500 tymnnum
938 1416 1074 1480 Phocam
1089 1418 1177 1478 deri-

67 1515 168 1565 cerat.
212 1507 315 1566 confer
334 1526 428 1586 supro
444 1525 475 1566 v.
488 1509 528 1570 12
548 1515 577 1564 et
592 1525 673 1587 seqq.
678 1547 692 1577 ,
713 1516 745 1565 et
768 1509 871 1566 omnia
893 1514 996 1581 erunt,
1017 1508 1051 1564 ni
1074 1505 1175 1582 fallor,

68 1591 168 1670 plana
188 1601 218 1650 at
232 1590 456 1651 diffimrltatibua
471 1588 624 1670 expedita.

161 1679 215 1741 97.
253 1679 502 1759 rptnimivdovov
523 1677 580 1736 luit
604 1675 720 1734 belluna
740 1675 921 1736 aheneum:
951 1693 1085 1756 namque
1113 1695 1176 1741 uno

70 1759 245 1842 eodemque
263 1773 399 1842 ternpore
422 1771 523 1822 contra
534 1772 596 1821 tres
610 1759 729 1838 hostes,
747 1760 864 1820 Abarea
879 1762 1002 1823 Scitum
1015 1772 1046 1821 at
1059 1764 1176 1839 Persas,

71 1845 283 1908 dimicandrun
300 1849 358 1907 fuit
373 1849 548 1928 Cpolitanis.

164 1925 236 1996 101.
277 1953 356 1992 anno
380 1937 419 1997 11
440 1935 562 2014 imperii
578 1935 626 1993 sui
644 1933 800 1993 Heraclius
819 1951 928 2012 pacem
945 1951 1022 1990 cum·
1033 1928 1179 2010 Cbagano

71 2016 211 2076 Abamm
223 2017 299 2078 duce
315 2022 492 2099 composuit,
512 2029 664 2080 utcontra
683 2016 848 2078 (liucardam
861 2036 946 2093 arma
959 2028 1104 2092 moveret,
1170 2018 1178 2034 ⁸

71 2100 222 2205 ἐπαρθεὶς
241 2107 281 2191 τῇ
303 2106 373 2191 slep
392 2098 493 2168 adata
514 2103 547 2168 dv
572 2110 618 2188 roi
638 2107 807 2167 καθεστῶτα
826 2098 907 2166 εἶναι
927 2097 1073 2180 ἠδύνατο.
1113 2035 1181 2166 sdes

70 2186 247 2268 Ἦρααλεισς
273 2191 362 2269 ζῆλον
384 2193 462 2254 θεοῦ
478 2182 643 2272 εἷααλαβεὸν
656 2189 709 2252 καὶ
722 2185 794 2270 μετὰ
808 2193 870 2251 τῶν
883 2182 1027 2270 'Adducta
1041 2184 1181 2269 εἰρηνεύ-

73 2293 149 2353 σας,
172 2271 213 2348 ade
234 2269 384 2357 ἐνόμιζεν,
408 2269 587 2357 μετήνεγκεν
608 2271 648 2338 eu*
668 2268 875 2357 στρατεύματα
892 2281 948 2353 τῆς
965 2267 1120 2354 Εὕρόεεης
1137 2273 1182 2348 ele

72 2355 132 2438 τήν
150 2354 272 2438 Ἀσίαν,
293 2361 346 2424 aul
368 2361 511 2424 διενοεῖτο
527 2365 568 2445 τῇ
587 2364 643 2424 τοῦ
666 2363 746 2424 θεοῦ
761 2360 920 2444 meyde
934 2357 1012 2422 sard
1028 2359 1181 2442 liupuldus

73 2448 222 2526 χωρῆσαι.
263 2449 305 2506 ita
320 2443 526 2525 Theophanes
536 2467 574 2525 p.
590 2445 663 2511 251.

163 2532 235 2596 103.
278 2550 357 2591 anno
376 2533 508 2592 Heraclii
532 2533 571 2594 11
595 2541 744 2606 exeunte,
765 2527 868 2588 hieme
889 2540 992 2590 autem
1008 2537 1179 2608 appetente,

75 2615 232 2675 Heraclius
257 2619 291 2676 in
314 2637 399 2677 cram
422 2618 586 2676 Asiaticam
605 2619 753 2696 Byzantio
776 2617 946 2694 oppositam
965 2617 1104 2688 secessit,
1126 2614 1180 2673 ubi

75 2719 173 2780 usque
191 2700 232 2759 ad
248 2702 330 2762 diem
345 2713 486 2783 quartum
498 2703 611 2762 mensis
625 2703 740 2783 Aprilis
753 2705 909 2781 sequentis
924 2702 997 2759 anni
1011 2719 1181 2760 mmmcm-

75 2796 126 2846 tns
147 2796 202 2846 est.
243 2798 317 2848 tunc
336 2792 418 2848 enim
435 2785 554 2862 τελέσας
565 2783 622 2868 erin
636 2785 745 2871 ἑορτήν
761 2790 819 2852 cori
833 2779 1089 2868 adquisitores
1102 2779 1180 2850 md

79 2872 238 2954 Περσίδος.
279 2872 461 2954 Theophnn.
473 2895 508 2952 p.
524 2875 598 2938 253.

164 2958 236 3022 110.
277 2961 474 3040 Dn-Cangius
496 2957 581 3038 Cpcl.
604 2957 714 3018 Christ.
730 2957 784 3017 leb.
801 2957 823 3021 4
840 2979 866 3016 c.
885 2959 924 3021 13
942 2957 1055 3036 palatia
1069 2955 1180 3017 subur-

77 3043 157 3100 bana
173 3046 389 3122 imperatomm
409 3064 583 3119 recensens,
609 3045 757 3124 palatium
776 3041 975 3102 Chalcedonis
988 3052 1018 3108 et
1030 3040 1180 3103 suburba-

78 3147 155 3186 num
174 3126 372 3190 Chalcedonis
389 3133 536 3190 nominat.
579 3131 736 3188 Heraclius
751 3131 784 3187 in
798 3127 1004 3187 suburbanum
1022 3127 1182 3202 concessit,

79 3215 165 3272 cuius
180 3211 410 3296 descriptionem
421 3216 507 3275 nobis
521 3216 643 3296 reliquit
655 3215 842 3274 Summanus
855 3213 909 3272 lib.
923 3216 944 3277 8
958 3231 985 3271 c.
1000 3212 1040 3275 17
1041 3251 1052 3271 .
1088 3221 1181 3292 atque

77 3296 114 3358 id
134 3299 223 3378 plane
244 3311 290 3360 est
313 3301 534 3376 suburbanum,
562 3299 645 3382 quod
663 3302 767 3379 paucis
791 3296 901 3358 abhinc
924 3299 1012 3356 aunis
1034 3297 1180 3357 Barbarus

80 3387 193 3443 Persici
215 3389 363 3446 exercitus
388 3383 452 3444 dux
476 3387 566 3446 armis
588 3397 618 3446 et
637 3389 709 3465 igne
730 3394 916 3444 vastaverat:
937 3401 1011 3442 nam
1030 3381 1180 3442 Chronico

80 3469 286 3532 Alexandrino
316 3480 391 3532 teste
411 3493 448 3550 p·
469 3474 550 3548 896,
590 3491 659 3532 curn
679 3469 902 3531 Chalcedonam
921 3469 974 3527 ille
997 3471 1181 3543 accessisset,

80 3552 178 3618 πάντα
192 3552 229 3620 sd
245 3550 410 3639 προάστεια
429 3555 481 3620 καὶ
501 3553 575 3631 roda
594 3553 772 3638 εὖκεηρίευς
789 3556 894 3630 oleove
912 3552 1058 3612 incendit·
1101 3562 1182 3612 cem
1216 3577 1219 3584 ·

81 3644 230 3702 Heraeam
250 3644 412 3724 palatium,
435 3641 599 3724 quoderat
618 3653 702 3704 trena
724 3644 837 3702 fretum
858 3639 1087 3698 celeberrimum
1107 3637 1184 3698 sub·

82 3727 244 3803 urbanum,
266 3727 318 3788 hio
335 3749 398 3790 non
418 3727 557 3809 designat
575 3728 696 3804 Pisida,
720 3730 773 3809 qni
790 3726 828 3786 de
844 3724 962 3803 napea.
985 3726 1006 3788 1
1027 3725 1089 3788 157
1108 3720 1182 3782 dicit

82 3815 269 3890 Heraclium,
309 3835 379 3876 uam
404 3833 567 3876 conscensa
595 3817 668 3876 nari
689 3816 723 3873 iu
746 3808 904 3873 Persidem
921 3813 995 3885 iret,
1030 3811 1183 3893 Heraeum

83 3903 365 3980 praeternavigasae.

166 3987 238 4052 112.
281 3988 419 4067 respicit,
439 3989 560 4067 opinor,
582 3985 623 4046 ad
640 3986 719 4054 festa
736 3982 909 4057 Brumalia,
942 3998 1019 4062 quae
1040 3973 1181 4037 lamen

83 4073 227 4132 ianuariis
246 4072 431 4152 incipiebant
452 4084 483 4133 et
502 4091 612 4152 magna
630 4091 700 4132 cnm
720 4069 910 4130 solemnitate
924 4064 1149 4126 celebrabantur
1162 4081 1181 4120 a

84 4156 196 4218 civibus
217 4167 248 4218 et
266 4160 513 4239 imperatoribus:
536 4162 649 4218 etenim
666 4178 723 4238 per
736 4175 788 4217 eos
802 4153 867 4215 dies
880 4162 965 4213 erant
977 4146 1043 4209 ludi
1056 4150 1180 4210 Circen-

86 4261 148 4319 ser,
171 4245 307 4305 mnriria
320 4255 352 4305 et
365 4246 540 4325 largitiones
551 4245 702 4326 publicae.
745 4239 857 4304 ridesis
871 4238 1087 4318 Du-Gauginm
1100 4235 1175 4298 hes.
