2792 4709
513 274 759 347 PRAEFATIO.
1026 362 1034 375 θ
1128 300 1188 349 m

76 440 280 501 refutandam
298 431 349 501 nil*
365 429 486 503 faciunt¹
494 446 587 505 iambi
603 448 678 527 quos
693 466 734 506 ex
745 442 847 504 Pisida
862 430 975 524 profert
988 442 1188 525 Nicephorus.'

77 566 171 604 err-or
184 546 406 605 eutem-Severi
421 558 510 627 atque
523 551 661 606 omnium
676 528 955 626 Monophj‘sitarum
970 546 1028 605 fuit
1046 558 1081 606 ut
1091 566 1185 606 anam

77 664 125 705 ex
139 644 259 707 duabus
273 654 305 706 in
318 632 436 709 Christo
449 638 588 708 naturam
598 660 669 728 post
680 652 843 724 unionem,
866 646 924 706 hoc
938 657 984 708 est
997 651 1030 707 in
1044 650 1185 708 incarna-

78 753 188 825 tione,
211 748 398 826 adsererent3
423 754 506 811 ouius
527 750 717 810 deliramenti
738 752 915 831 praestigias
929 768 1062 830 nequeas
1074 752 1185 811 melius

79 850 231 931 detegere
252 862 342 934 atque
359 842 664 935 impugnarep‘quam
685 857 712 913 si
731 873 801 912 oum
817 852 919 911 Pisida
931 850 1028 912 dicas:
1050 853 1124 914 tau
1135 864 1184 927 trs,

85 956 213 1026 Severe,
234 956 262 1013 ei
282 966 310 1013 te
330 976 390 1018 non
409 944 597 1035 repugnante
617 956 714 1014 altera
733 968 776 1015 est
794 944 975 1027 Matuta,
999 957 1096 1016 alteru
1115 976 1188 1017 voc

80 1052 289 1115 humanitatis
319 1061 352 1116 in
384 1055 499 1123 Christo
527 1048 638 1117 nature
644 1103 658 1131 ,
689 1049 835 1139 quomodo
859 1059 987 1117 alterum
1007 1070 1037 1115 et
1057 1058 1186 1117 aderam
1249 1042 1256 1054 ¹

82 1178 185 1217 ursam
205 1164 266 1217 esse
284 1154 382 1219 diois?
409 1180 520 1219 -uossne
541 1162 711 1220 boeotium
728 1164 835 1240 pueris
851 1162 1010 1219 ridendum
1030 1164 1104 1232 erit,
1132 1164 1188 1241 qus'

77 1262 183 1341 plane
201 1258 313 1321 norunt
333 1282 367 1322 ex
386 1254 449 1323 sina
465 1276 494 1321 et
507 1286 570 1323 una
583 1286 644 1323 non
660 1255 755 1325 unam
767 1264 821 1322 sed
831 1264 909 1322 duos
921 1262 1080 1321 molescere
1094 1274 1187 1321 naus-

84 1364 166 1423 ras?
208 1377 304 1446 atque*
317 1350 394 1424 haeo
409 1369 452 1425 ita
466 1368 556 1447 plane
572 1364 745 1447 accipienda
759 1384 824 1424 esse
840 1367 939 1446 operis
955 1350 1112 1425 contextas
1130 1362 1187 1423 de-

83 1478 254 1527 monstrat:
275 1470 317 1527 ita
339 1470 421 1526 enim
439 1479 531 1549 atque·
551 1466 610 1527 hoo
631 1467 722 1549 plene
742 1459 833 1527 sensu
851 1464 966 1525 laudati
985 1464 1188 1546 aldcephoro

82 1571 183 1629 iambi
201 1574 234 1628 in
254 1570 402 1630 Severum
424 1574 647 1653 intorquentur,
670 1568 826 1629 stridere
850 1579 896 1628 est
914 1589 943 1632 r.
965 1573 1028 1635 683
1051 1579 1082 1628 at
1099 1588 1185 1650 seqq.

84 1672 163 1732 inde
177 1684 279 1732 eutem
293 1668 383 1731 eiialn
395 1666 523 1752 colligas
538 1668 691 1731 evidenter
702 1692 808 1733 omnes
824 1684 894 1753 post
904 1669 1105 1751 Nicephorum
1117 1672 1186 1729 alu-

86 1774 210 1836 cinatos
221 1793 286 1835 asse
295 1772 472 1855 scriptores,
493 1780 545 1857 qui
557 1793 592 1835 eo
609 1774 684 1835 duce
700 1772 841 1834 dix'emnt
855 1772 989 1833 Pisidam
1001 1765 1084 1833 hisce
1096 1792 1187 1846 sena-

87 1881 144 1937 riis
158 1876 362 1959 Philopon'um
376 1871 533 1937 lacessere.
572 1882 674 1961 itaque
691 1873 820 1939 Allatius
831 1867 964 1957 primum
976 1874 1034 1935 hoo
1050 1866 1188 1935 testimo-

87 1984 141 2039 nio
168 1979 329 2060 Nicephori
350 1976 445 2038 fretus
464 1978 596 2041 asserere
615 2002 677 2041 non
703 1980 849 2041 dubitavit
867 1980 1031 2057 Georgium
1051 1990 1188 2038 nocuum

88 2084 193 2163 aliquo
213 2086 322 2163 scripto
342 2078 510 2141 Iohannem
530 2082 733 2164 Philoponum
748 2074 871 2165 eiusque
887 2092 1066 2143 sectatorum
1078 2080 1188 2140 haere-

87 2188 150 2245 sim
171 2202 377 2266 oppugnasse3
408 2186 523 2245 Caseus
544 2199 645 2246 autem
667 2196 697 2245 et
718 2184 853 2246 Oudinus
872 2184 1009 2244 eiusdem
1025 2176 1189 2265 Nicephori

87 2292 267 2347 auctoritate
291 2297 321 2346 et
341 2284 402 2345 fide
418 2287 494 2358 moti
509 2291 541 2347 in
559 2288 762 2368 philoponum
776 2291 931 2369 scripsisse
941 2287 1076 2347 Pisidam
1086 2278 1141 2367 pro
1155 2308 1189 2345 re

88 2402 171 2451 certa
192 2388 378 2467 habuerunt,
400 2390 455 2451 sed
475 2408 544 2449 oum
568 2390 650 2472 quod
670 2388 728 2448 hoc
750 2401 830 2449 esset
846 2410 921 2469 opus
936 2393 970 2447 in
986 2388 1189 2470 Philoponum
1300 2390 1306 2396 '

89 2498 237 2573 scriptum
248 2495 437 2572 ignorarant,
460 2490 561 2552 omnia
576 2512 735 2573 perperam
746 2496 906 2551 miscentes
919 2502 950 2548 et
962 2494 994 2548 in
1005 2510 1102 2550 onum
1114 2510 1189 2549 oon·

88 2595 268 2672 fundentes,
290 2617 351 2657 non
373 2595 457 2656 alind
474 2614 566 2679 qaam
586 2600 798 2655 Hexadmeron
819 2592 906 2653 illud·
918 2612 984 2652 esse
1004 2592 1189 2653 iudicarunt:

89 2712 285 2760 ormontem·
305 2702 338 2758 in
361 2716 402 2759 eo·
417 2707 556 2781 poemate
578 2699 720 2758 Proclum
739 2699 889 2756 nominari
902 2695 1191 2771 anhuadrertissent,

89 2804 211 2861 nullam
231 2802 407 2861 aliem'esse
431 2804 577 2862 rationem
592 2810 783 2860 auturnarunt
798 2796 978 2859 conciliandi
988 2798 1107 2859 Pisidae
1121 2818 1191 2857 cnm

88 2902 279 2983 Nicephoro,
302 2890 393 2985 quam
404 2908 444 2963 -si
468 2904 602 2964 dicerent
620 2905 675 2965 sub
701 2914 780 2962 teoto
795 2902 894 2960 Procli
908 2906 1031 2961 nomine
1042 2891 1190 2980 Philopo-

90 3028 167 3066 num
176 3007 317 3086 intelligi.
343 3016 345 3023 ’
362 3004 416 3077 sed
430 3006 582 3066 P'abricias
597 3027 652 3065 nec
668 3006 787 3065 oudino
801 3016 831 3063 at
846 3008 944 3064 Cateo
959 3003 1096 3063 concedit
1108 3001 1192 3060 idem

93 3130 249 3192 unamque
264 3120 338 3169 'esee
355 3126 436 3189 opus
454 3111 486 3167 in
506 3108 712 3189 Philoponum
729 3129 799 3167 oum
817 3112 1023 3180 Hexaemero,
1044 3125 1102 3163 nec
1122 3122 1192 3162 cnm

91 3215 206 3274 Allatio
226 3212 390 3287 consentit,
412 3214 465 3293 qui
478 3213 646 3293 'siaguiare
657 3220 766 3291 poema
785 3208 928 3270 adversus
942 3208 1072 3267 eundem
1084 3204 1192 3267 Philo-

91 3336 208 3398 ponum
220 3314 362 3391 admittit,
384 3314 549 3395 sedpotius
565 3318 720 3374 existimat
730 3313 866 3377 Pisidam
877 3314 972 3372 tribus
985 3314 1046 3371 illis
1057 3296 1193 3369 tantum'-

25 3486 33 3506 Α
91 3418 185 3480 modo
209 3418 365 3480 versiculis
389 3415 593 3477 tritheismum
615 3416 776 3497 Philoponi
803 3421 928 3498 eiusque
950 3410 1142 3493 oompntandi
1160 3413 1193 3469 in

94 3523 216 3581 divinis*
228 3524 428 3581 temeritatem
451 3522 671 3599 perstrinxisse.
717 3507 776 3579 sed*
796 3520 872 3579 haeo
896 3522 995 3579 omnia
1014 3536 1054 3575 ex
1071 3516 1193 3593 ingenio

92 3644 341 3708 uumquemque
362 3621 416 3683 su'o
433 3627 534 3683 mirans
554 3636 632 3682 recte
660 3622 833 3682 adfirmasse
858 3624 921 3681 iam
943 3627 1058 3679 constat
1076 3636 1117 3674 ex
1134 3614 1194 3673 hoc

93 3708 233 3813 poemate
247 3732 281 3787 in
296 3728 452 3799 severum,
472 3729 505 3785 in
522 3747 582 3808 quo
597 3726 699 3786 Pisida
713 3728 859 3786 Severum
873 3727 988 3804 ipsum,
1009 3736 1071 3779 non
1088 3716 1194 3776 Philo-

93 3852 210 3915 ponum
231 3836 405 3891 insectatur.
448 3840 548 3889 utrum
567 3841 668 3888 autem
681 3830 786 3889 Niceta
800 3826 975 3901 choniates,
998 3842 1090 3905 quem
1106 3820 1194 3879 Alla-

94 3940 155 3997 tins
176 3938 219 3994 ait
237 3936 292 3994 lib.
307 3937 348 3999 10
376 3934 521 3994 Thesauri
530 3930 796 4007 ortlwcloxasfides‘
807 3928 952 3989 adversus
965 3920 1195 4001 Monoptysuas

93 4037 221 4099 eosdem
242 4048 303 4097 tres
324 4058 428 4099 versus
449 4034 589 4111 laudare,
610 4033 691 4093 dicat
709 4052 775 4091 esse
791 4034 861 4091 illos
876 4042 978 4091 contra
990 4025 1195 4105 Philoponum

94 4147 239 4222 scriptos,
265 4142 354 4221 plane
370 4144 483 4201 nescio.
527 4156 702 4219 quanquam
718 4137 799 4194 enim
815 4134 946 4193 mulum
957 4127 1090 4190 studiose
1104 4123 1195 4183 huius
1264 4201 1269 4213 ι

93 4244 247 4307 Thesauri
267 4244 384 4307 codices
401 4248 434 4304 in
452 4245 597 4304 Romanis
611 4236 801 4300 bibliothecis
815 4234 1065 4319 conquisiverim‚
1086 4228 1196 4309 nullibi
