2792 4709
372 221 630 295 nuscum
652 225 688 295 S.
714 226 906 298 SOPHIAE.
1116 231 1188 307 147

82 388 127 449 sic
149 398 254 448 antem
271 404 341 446 eam
360 385 444 449 aeriis
462 398 579 470 partem
599 402 805 473 nuncupatam
824 394 891 455 volt
908 391 1039 456 Isidorus
1053 394 1090 455 de
1103 400 1187 461 Eocl.

81 474 169 535 offic.
183 478 200 537 1
224 480 263 538 3:
285 493 307 531 a
320 472 638 553 ctorispeatlmttam:
660 488 706 539 est
722 480 804 539 enim
820 478 932 540 Susidae
948 476 1038 562 χορὸς
1050 479 1188 565 σύστημα

79 564 146 622 τοῖν
157 558 193 623 tv
204 557 378 639 ἐκκλησίαις
392 555 539 644 ᾀδόντων.
580 561 654 622 inde
670 566 780 626 nostris
797 562 905 626 ohorus
921 564 1031 626 dioitnr
1038 588 1117 646 pare
1129 570 1187 629 ma

81 644 748 725 quaeamoettewauatmdtvtdtur,
768 660 798 708 at
812 649 909 710 choreb
922 654 1188 732 tontumpeollor-

80 733 160 788 esiam
178 728 356 812 domnam
371 740 472 809 potet,
493 743 528 792 at
546 734 590 791 ait
605 736 767 795 oonoilium
781 736 1074 802 Turon.1soan.4.
1119 758 1188 801 eam

79 834 171 895 porro
193 813 278 875 aedis
297 812 471 896 Sophianae
492 828 611 899 partem
634 821 715 879 intra
734 822 813 901 pilas
831 831 862 880 et
878 822 1033 883 columnas
1048 842 1187 906 eompre-

76 898 211 960 hensam
228 901 330 961 forma
351 920 417 961 essa
432 894 538 979 orata,
556 924 647 984 supra
661 924 705 965 ax
718 906 820 987 Gyllio
836 907 1070 968 obrerravinrns.
1108 930 1186 989 pora

77 988 161 1044 enim
181 984 267 1045 aedis
287 988 423 1059 interior,
442 989 542 1069 inquit
560 990 632 1067 ille,
653 1001 683 1049 st
704 992 805 1051 madr'a
822 991 881 1051 atla
898 995 1005 1072 ingene
1023 1014 1136 1067 vaona,
1157 998 1186 1055 ai

74 1071 145 1129 oola
160 1072 362 1131 comederetur
371 1074 589 1151 'compulsam
600 1078 683 1135 iuba
692 1076 780 1155 pilae
794 1086 823 1135 et
833 1076 1003 1149 columnae,
1023 1088 1067 1137 eat
1075 1078 1185 1159 firma

74 1167 185 1228 ovata,
207 1160 237 1215 α’
251 1177 322 1216 vero
339 1168 402 1215 toto
423 1168 488 1217 tom
506 1162 589 1218 intra
604 1182 699 1240 quom
715 1173 799 1221 ertra
807 1163 893 1241 prius
902 1165 1119 1241 perspiciatur,
1142 1174 1187 1224 aet

74 1241 243 1323 qrusdroto.
287 1245 333 1301 ito
352 1244 432 1301 mio
453 1263 490 1302 aa
505 1256 631 1325 utroque
652 1246 746 1306 latera
762 1248 846 1307 velut
860 1247 930 1307 alae
944 1266 1097 1327 oppenere
1112 1259 1186 1309 aaut

74 1340 137 1386 tm
158 1327 253 1385 arelao
273 1326 429 1408 insers'orea
451 1339 483 1386 et
501 1332 624 1389 totidem
639 1334 817 1411 asperiores,
838 1344 874 1392 ut
885 1332 926 1393 ab
941 1334 1000 1391 imo
1010 1336 1185 1412 pavimento

71 1412 222 1491 procedat
242 1413 408 1492 μάταια,
436 1413 546 1474 demde
565 1418 648 1475 intro
665 1428 730 1477 orto
748 1418 835 1497 pilae
854 1420 889 1477 irs
910 1428 1032 1477 oratam
1042 1420 1185 1499 firrmm

73 1497 287 1569 contrahatur,
307 1519 402 1580 seoque
414 1499 460 1557 od
468 1511 664 1561 οωναίιαοαι
677 1514 820 1583 qraotbsor
830 1524 959 1563 arcuum
970 1506 1194 1564 ruminantium

70 1582 338 1663 bambpbambm.
382 1582 529 1644 sedebant
547 1596 650 1645 eutem
669 1588 770 1647 olerioi
789 1598 821 1648 et
839 1599 974 1650 oantores
992 1589 1030 1667 ab
1050 1599 1178 1675 utraque
1195 1590 1220 1647 P
1235 1590 1289 1653 ⁵91

70 1679 161 1751 parte
179 1668 214 1732 ir
230 1669 411 1751 maosiiosr,
431 1680 526 1731 otest
543 1672 576 1730 in
589 1670 788 1754 Euohologio.

159 1789 215 1853 78.
257 1781 348 1851 Ναόν
369 1798 401 1847 et
424 1786 550 1849 ohorum
573 1789 764 1872 Sophianum
788 1790 962 1853 conficiebat
984 1800 1083 1853 totum
1101 1788 1182 1853 illud

71 1872 225 1953 spatium,
258 1871 340 1955 quod
364 1874 443 1933 intra
470 1886 612 1958 quattuor
629 1878 708 1958 pilae
729 1880 858 1938 maiores
878 1880 1061 1953 continetur,
1095 1880 1180 1939 ouius

69 1959 254 2033 umbilicus,
276 1960 325 2017 oui
343 1978 454 2041 nempe
474 1972 610 2021 centrum
629 1982 663 2023 oo
685 1964 755 2023 ulae
770 1984 825 2037 seu
839 1964 947 2023 trullae
961 1960 1001 2021 ad
1015 1960 1181 2044 perpendi-

70 2046 178 2104 onium
192 2045 347 2119 imminet,
368 2042 487 2105 videtur
498 2048 645 2128 appellari
660 2042 795 2129 αμφαλὸς
809 2068 864 2109 eeu
875 2043 911 2112 ro'
924 2046 1017 2131 μέσον
1030 2051 1088 2111 τοῦ
1099 2050 1180 2111 ναοῦ

70 2128 156 2210 apud
170 2131 307 2188 Marcum
322 2128 360 2188 de
372 2131 481 2191 Dubiis
495 2135 602 2213 typieIs
617 2153 644 2192 o.
657 2134 716 2211 96,
739 2127 932 2216 μεσόμφαλος
943 2134 1086 2213 Gregorio
1100 2134 1179 2193 cae·

69 2216 199 2274 sariensi
220 2224 296 2274 orat.
312 2218 345 2273 in
359 2218 507 2277 Nicaenoe
520 2228 639 2299 patres,
660 2228 691 2279 et
706 2212 854 2303 μεσὸναος
869 2217 951 2300 apud
966 2218 1179 2286 balsamonem

67 2300 101 2359 in
118 2299 166 2365 74
187 2318 254 2359 oan.
271 2301 413 2361 Troilon.

155 2420 214 2483 79.
255 2419 314 2477 Per
326 2420 402 2479 alios
413 2438 486 2479 vero
498 2420 648 2481 oanoellos
661 2417 851 2479 dividebatur
861 2438 930 2499 pars
942 2420 995 2479 ilia
1006 2419 1114 2500 templi
1125 2436 1177 2479 sa·

69 2500 245 2564 oerdotibus
259 2505 376 2564 doricis
392 2516 423 2562 et
437 2505 606 2564 oantoribua
619 2502 740 2565 addicta
758 2506 796 2565 ab
811 2523 847 2563 ea
862 2507 895 2563 in
910 2523 969 2586 qna
983 2502 1088 2564 fideles
1102 2520 1177 2564 oon·

67 2590 234 2663 sistebant,
255 2588 397 2649 inferiora
416 2608 545 2669 nempe,
566 2601 597 2650 et
616 2608 695 2671 quaa
714 2587 755 2649 ad
772 2586 946 2648 nartheoem
962 2588 1070 2668 vergit.
1112 2590 1176 2649 beo

67 2677 132 2735 Ost.
153 2674 179 2737 3
199 2678 261 2739 27:
281 2675 421 2753 frontem
439 2677 531 2734 etim
546 2674 644 2746 altori,
664 2694 754 2755 quem
771 2677 806 2734 in
826 2674 923 2734 medio
936 2674 1009 2757 sere
1032 2672 1177 2733 baar'ls'oae

66 2762 192 2831 eamr,
212 2762 488 2841 quattuormogme
497 2780 683 2819 maroronem
693 2759 808 2821 tobaleis
819 2762 919 2839 eapait.
954 2760 1008 2821 ubi
1021 2780 1092 2820 vero
1105 2778 1175 2841 pars

66 2847 123 2905 illa
137 2843 244 2904 media
257 2844 341 2905 aedis
353 2844 525 2926 Sophianae
537 2846 576 2905 ab
591 2846 732 2906 inferiore
745 2848 955 2927 reparabatur,
975 2856 1011 2905 ut
1024 2847 1056 2903 in
1068 2846 1176 2905 bema-

68 2934 106 2990 tis
121 2930 279 3005 oanoellira
300 2934 343 2990 ita
359 2931 392 2990 in
405 2950 441 2991 ea
457 2932 659 3011 exsurgebant
671 2934 829 2993 columnae
843 2950 1040 2991 marmoreae.
1081 2930 1174 2991 tradit

66 3019 184 3097 qnippe
209 3016 329 3096 Gyllius
352 3018 432 3076 inter
454 3019 532 3097 pilas
557 3016 651 3091 duas,
673 3019 783 3099 quibua
801 3020 963 3077 sustinetur
980 3026 1086 3097 quarta
1103 3028 1173 3095 pars

66 3100 217 3181 sphaerae
239 3100 449 3177 occidentalis,
469 3113 611 3183 quattuor
632 3114 752 3163 exstare
777 3105 932 3163 columnas
955 3099 1081 3174 virides,
1104 3119 1173 3159 aas·

66 3186 202 3269 demque
219 3187 306 3248 binas
322 3188 402 3246 inter
418 3207 451 3247 ae
470 3190 660 3266 oouiuuotas,
683 3198 714 3247 at
731 3206 788 3250 aex
802 3184 979 3247 oolumellae
991 3183 1104 3247 virides
1121 3189 1173 3245 Io·

65 3272 169 3349 nioas,
192 3290 271 3352 quae
288 3274 368 3333 inter
381 3291 433 3334 eas
446 3272 646 3333 interoedunt.

152 3376 208 3437 80.
250 3375 291 3432 Ut
315 3392 405 3453 porro
429 3374 554 3432 oanoelli
575 3374 704 3433 bematis
728 3373 824 3433 tribus
841 3371 1051 3453 aperiebantur
1065 3373 1171 3451 portia,

66 3457 109 3517 ita
131 3459 262 3519 oanoelii
282 3462 377 3535 ναοῦ,
398 3458 500 3517 media
520 3460 634 3518 soilioet
650 3460 759 3518 maiori
773 3469 802 3518 et
814 3457 931 3517 duabna
949 3458 1116 3517 minoribns
1132 3456 1172 3516 ad

65 3545 174 3603 latera.
217 3541 321 3602 media
340 3541 440 3626 ὦραία
458 3538 541 3625 πύλη
562 3543 672 3603 dieitur
692 3544 807 3604 codino
829 3542 868 3603 de
891 3542 950 3603 Off.
974 3562 1001 3601 o.
1020 3545 1061 3607 17
1079 3552 1110 3601 et
1128 3544 1169 3607 18

67 3630 136 3707 (noe
151 3628 322 3697 dioeremus
337 3629 371 3687 lo
386 3629 462 3687 belle
470 3631 584 3707 porte),
605 3625 748 3710 βασιλική
761 3632 794 3687 in
809 3630 928 3710 Typioo
942 3637 972 3686 et
982 3624 1170 3706 Euohologio

64 3734 126 3774 non
138 3715 237 3777 semel
252 3725 284 3774 et
296 3712 379 3795 apud
390 3713 541 3774 codinnm
554 3726 584 3773 et
595 3719 805 3794 Anonymum3
828 3724 981 3793 praeterea
994 3711 1076 3793 apud
1088 3716 1171 3772 Leo-

63 3820 138 3859 nem
158 3802 326 3859 Grammat.
348 3821 381 3882 p.
400 3800 465 3864 460
491 3811 522 3859 et
548 3802 684 3859 Maroum
708 3797 982 3859 Hieromonaohum
1005 3797 1043 3857 da
1061 3798 1169 3857 Dubiis

63 3895 129 3967 typ.
147 3906 177 3945 o.
194 3886 255 3961 96,
276 3886 331 3966 qui
353 3880 513 3967 βασιλικὰς
533 3881 634 3960 πύλας
653 3904 671 3944 a
689 3887 817 3961 sanctie,
838 3903 916 3966 qaae
932 3885 1059 3943 bematis
1073 3892 1169 3958 erant,

64 3975 192 4031 omnino
207 3968 405 4049 distingurmt.
424 3972 527 4051 regma
540 3982 649 4031 vocant
661 3973 763 4031 Latini
778 3972 844 4029 aevi
858 3968 953 4030 medii
967 3980 1068 4049 portas
1082 3966 1170 4027 aedi-

63 4056 205 4118 ficiorum
216 4058 391 4136 primarias,
414 4065 449 4116 ut
460 4056 578 4135 Regula
589 4058 726 4137 Magistri
740 4076 767 4116 o.
784 4060 835 4132 80,
857 4059 909 4131 88,
931 4056 973 4121 96
994 4063 1025 4113 et
1038 4050 1169 4113 Chroni-
1238 4064 1241 4072 ‘

64 4162 123 4201 oon
144 4142 346 4201 Novalioenae
362 4140 456 4208 o.14·
498 4161 602 4203 versos
616 4144 650 4201 in
662 4144 731 4203 Vsta
747 4143 781 4203 fl.
796 4138 972 4203 Theodardi
989 4138 1169 4201 ooniessoris

64 4225 150 4307 apud
165 4226 333 4289 catellum
