2792 4709
373 198 419 267 ΙΝ
443 199 614 270 BELLUM
639 200 867 270 evometur.
1094 202 1165 276 127

39 384 113 425 suo
130 383 225 425 cursu
234 364 362 425 Romani
376 366 496 447 imperii
509 364 585 427 fines
600 363 640 427 ad
655 368 932 447 septemtrionalem
948 375 1065 448 pestem
1078 366 1166 429 vide-

38 452 151 510 batur
169 448 347 510 describere.

148 534 204 601 84·
247 556 317 595 cum
327 533 431 595 Pisida
445 537 525 596 bena
539 537 726 597 observasset
740 540 850 597 latrum
862 538 956 597 luisse
970 536 1037 597 leve
1050 539 1167 617 praesi-

45 619 151 679 dium
164 632 196 679 et
207 622 466 701 propugnaculum
478 624 582 681 contra'
591 622 742 699 barbaros,
785 622 916 685 uomodo
929 622 1044 682 Abares
1055 623 1168 681 flumen

46 708 252 780 transierint,
283 704 361 767 mibi
375 704 494 766 ridetur
505 706 650 767 indicare.
692 642 852 791 equidem,
883 718 917 767 ut
930 726 971 767 ex
986 709 1050 767 eius
1067 709 1169 767 verbis

48 794 213 868 coniicio,
242 789 353 852 hiemis
369 803 504 873 tempore
518 791 551 852 id
570 793 684 851 factum
699 813 765 853 esse
777 814 900 871 censeo,
929 812 998 851 oum
1011 793 1169 853 Danubius

48 878 138 957 gelu
153 880 417 958 constringeretur.
453 880 496 937 ite
510 897 582 938 sane
595 890 730 957 tempora
741 878 879 954 Arcadii,
900 877 940 937 ad
953 877 1034 959 quod
1049 889 1170 960 tempus

48 966 194 1022 tortasse
215 966 334 1044 respicit
350 960 473 1038 Pisida,
495 966 630 1024 evenisse
650 962 743 1023 tradit
761 963 980 1043 Philostorgius
994 962 1048 1023 lib.
1066 966 1106 1027 11
1130 966 1169 1027 8:

51 1044 111 1113 ὅτι
134 1052 199 1111 τῶν
220 1046 364 1125 Oinone,
385 1066 495 1131 φησιν,
518 1049 550 1112 oi
568 1045 625 1129 μὲν
645 1052 701 1128 τῆς
721 1046 802 1124 ἐντὸς
816 1046 935 1131 Ἴστρου
953 1050 1094 1123 Σκυθίας
1112 1044 1171 1130 τήν

51 1129 185 1213 πολλήν
199 1132 414 1215 χειρωσάμενοι
431 1133 483 1197 sel
497 1134 731 1214 διαφθείροντες
744 1130 902 1216 πρότερον,
925 1134 1025 1197 ἔπειτα
1039 1132 1172 1216 παγέντα

52 1215 119 1281 τόν
130 1216 271 1299 ποτοηιάν
285 1212 455 1300 διαβάντες,
477 1212 603 1302 diodus
618 1220 663 1295 εἷς
678 1214 736 1301 τήν
750 1212 875 1302 Ῥοῖμην
890 1212 1098 1297 εἰσηλοὶσσντο,
1119 1218 1171 1281 sul

55 1300 146 1366 md
165 1308 270 1367 πᾶσαν
292 1297 494 1385 οἷναχνθὲνσες
514 1300 571 1385 τήν
591 1298 719 1391 Θρᾴκην
738 1300 812 1385 ὅλην
833 1302 891 1385 τήν
910 1297 1068 1384 Εὕροὶπην
1091 1302 1172 1383 ἐληΐ-

59 1402 172 1451 uam.
215 1408 251 1447 ao
271 1392 363 1450 simili
380 1410 500 1471 prorsus
521 1392 637 1449 ratione
658 1411 691 1450 se
711 1392 743 1447 in
762 1394 915 1469 Europam
930 1398 1100 1468 penetrasse
1113 1389 1172 1468 ipsi

58 1474 186 1543 Abares
206 1476 372 1553 gloriantur
390 1474 473 1555 apud
493 1477 658 1555 corippum
678 1474 731 1533 lib.
751 1481 781 1543 8.
824 1474 897 1535 hinc
910 1473 1031 1551 Pisida,
1054 1476 1170 1555 opinor,

58 1560 244 1618 Danubium
260 1564 361 1641 ipsum
373 1564 490 1641 po'etice
503 1558 704 1640 reprehendit,
727 1558 810 1641 quod
825 1554 954 1645 ἀγράφῳ
966 1562 1077 1641 κρίσει,
1099 1580 1171 1618 oon-

62 1658 118 1703 tra
135 1644 171 1703 s'd
180 1646 264 1725 quod
278 1657 344 1705 erat
356 1649 520 1717 mnodum,
540 1648 685 1705 terminos
703 1665 780 1727 quoa
794 1665 849 1705 suo
864 1646 950 1705 alveo
967 1643 1101 1705 dividere
1115 1643 1181 1703 de-.

62 1732 197 1805 buisset,
218 1733 290 1809 gelu
304 1728 468 1791 obduratus
483 1734 682 1807 coniunxerit,
704 1728 775 1806 sodo
787 1726 878 1813 boone
892 1726 1031 1812 ἐπήξατο.

157 1818 210 1881 86.
232 1819 352 1876 molesti
368 1816 492 1898 quidem
505 1816 620 1877 Abatos
634 1819 788 1891 Romanis,
804 1816 950 1898 quamdiu
964 1828 1045 1877 trans
1058 1817 1172 1878 {strum

64 1911 142 1961 sunt
157 1906 350 1963 commorati:
373 1922 464 1983 saepe
478 1904 560 1961 enirn
573 1903 687 1961 flumen
705 1904 886 1963 traiicientas
905 1913 935 1961 et
953 1922 1008 1982 per
1020 1905 1171 1962 Romanas

64 1989 241 2066 provincias
255 1999 447 2048 excurrentes
460 1991 561 2047 omnia
576 1988 744 2047 vastabant.
777 2008 847 2047 mam
861 1997 963 2049 antem
980 1989 1048 2049 cisia
1062 1990 1172 2047 lstrum

64 2070 185 2151 pedem
201 2076 388 2150 intulissent,
417 2075 521 2155 ibique
541 2084 654 2133 cartam
669 2073 774 2133 sedem
788 2072 899 2133 habere
918 2074 1102 2153 coepissent,
1124 2074 1174 2137 le·

67 2164 133 2215 tior
148 2160 191 2217 eis
206 2162 303 2239 patuit
317 2162 367 2219 ria
385 2158 425 2219 ad
446 2180 494 2220 res
509 2162 714 2219 Romanorum
731 2156 920 2239 affligendas.
962 2156 1128 2219 Menander
1141 2160 1175 2217 ἱπ

67 2244 152 2301 Ero.
176 2244 323 2325 delegat.
344 2267 381 2324 p.
402 2249 460 2309 101
486 2246 737 2304 testaturllbares
756 2246 938 2325 perlegatos
951 2246 1119 2326 postrdassa
1137 2244 1175 2302 ab

69 2331 257 2407 lustinieno,
286 2323 341 2409 ἐφ’
359 2321 386 2417 pl
400 2333 482 2409 σφᾶς
494 2334 700 2411 captatorium
713 2332 789 2412 γῆν,
810 2324 882 2393 ὅποι
897 2325 931 2393 sd
946 2334 1045 2408 φῦλον
1060 2324 1176 2409 θήσον-

70 2436 124 2475 ται
135 2411 191 2489 sdc
204 2410 347 2495 οἰκήσεις.
390 2435 426 2474 ac
437 2425 504 2474 tum
517 2413 642 2496 quidem
654 2413 693 2473 de
708 2412 881 2495 occupanda
892 2416 1021 2491 Sirmio,
1049 2414 1176 2493 amplis-

73 2502 155 2559 sima
176 2518 211 2559 ac
232 2502 425 2567 celeberrIma
449 2502 583 2576 civitate,
612 2502 759 2579 cogitasse
775 2518 815 2559 ex
831 2519 868 2558 eo
881 2510 1024 2579 apparat,
1048 2496 1129 2580 qnod
1143 2501 1178 2557 in

72 2586 242 2663 legatione,
272 2605 364 2668 quam
387 2584 496 2645 deinde
509 2584 548 2645 ad
562 2588 711 2645 lustinum
722 2586 885 2661 miserunt,
914 2583 1008 2644 iidem
1028 2586 1179 2665 petierunt

75 2666 154 2734 sisse
167 2666 202 2734 td
215 2671 347 2754 Σίημιόν
360 2672 392 2735 οἱ
402 2671 580 2752 lvdovicus,
599 2669 653 2734 sol
666 2666 704 2734 sd
718 2664 843 2751 συνήθη
855 2664 1001 2753 χρήματα,
1016 2666 1037 2733 d
1051 2670 1178 2752 Κοοιρί-

74 2778 184 2839 yovoos
204 2756 255 2819 sol
280 2752 478 2841 Οιῖτρίγονροι
497 2754 575 2840 πηός
597 2750 812 2821 Ἰονσιινιοινοῦ
830 2754 1003 2837 ἐκομίζοντο
1023 2754 1178 2837 βασιλέως,

77 2835 132 2905 elo
152 2836 190 2919 dri
213 2835 309 2905 ositeri
329 2840 422 2923 ἄμφω
441 2838 485 2905 roi
505 2838 594 2921 otilo
611 2836 710 2906 rosires
729 2836 916 2923 κοτεχόντος.
958 2840 1032 2901 ibid.
1048 2862 1085 2919 p.
1105 2840 1177 2905 154.

76 2937 159 2986 certe
173 2930 322 3003 lustinus,
348 2926 450 3009 quoad
470 2931 584 3008 potuit,
606 2929 739 2988 obstitit:
765 2926 821 2987 sed
841 2927 896 2988 sub
913 2928 1036 2987 Tiberio
1055 2923 1178 2983 tandem

77 3008 115 3075 sd
131 3013 259 3093 Ziopsov
274 3008 311 3076 sd
325 3009 401 3076 doro
420 3012 453 3076 ἐν
466 3012 568 3094 χερσὶν
583 3010 711 3095 Ιγιηὸνει
723 3016 786 3076 sois
804 3008 949 3077 Oisvus·
971 3014 1132 3093 προῆλθον
1146 3008 1181 3071 ol

79 3098 226 3160 σπονδαί·
250 3098 287 3161 οἱ
299 3094 332 3161 δὲ
346 3104 499 3175 συνθῆκαι
512 3097 712 3162 ἐπονείδιστον
724 3096 895 3177 Ῥωμαίοις.
925 3092 1091 3155 Menander
1103 3093 1177 3153 ibid.

75 3205 114 3263 p.
130 3184 201 3245 117.
243 3184 400 3263 propterea
412 3181 516 3243 Pisida
529 3184 680 3243 exclamat
698 3177 776 3263 ὅσην
796 3180 829 3245 dl
842 3176 950 3245 λοιπόν
964 3194 1021 3241 eto.
1064 3181 1179 3239 Abares
1282 3190 1288 3201 '

80 3270 164 3327 enim
179 3287 241 3327 non
256 3279 411 3329 contentos
424 3272 534 3329 Istrum
548 3271 718 3344 traiecisse,
742 3269 822 3327 ultra
836 3268 951 3328 savum
965 3269 1056 3327 etiarn
1073 3285 1180 3346 super-
1286 3296 1297 3319 ι

81 3363 194 3413 structo
211 3364 303 3433 ponte
316 3366 441 3433 vagatos
455 3375 520 3413 asae
531 3356 628 3435 liquet
641 3374 681 3413 ex
694 3351 803 3413 eodem
814 3364 934 3414 auctore
945 3375 980 3431 p.
1002 3354 1074 3417 128.

167 3440 219 3502 38.
262 3460 367 3499 omnes
378 3451 446 3521 post
458 3441 656 3499 lastinianum
671 3442 877 3519 imperatores,
896 3437 1037 3499 videlieet
1050 3438 1182 3505 lustinus

82 3524 225 3584 Tiberius
240 3526 402 3585 Mauricius
413 3524 532 3585 Phoeas
545 3536 575 3585 et
586 3528 754 3603 Heraclius,
777 3527 876 3586 conati
891 3525 962 3584 auilt
977 3534 1059 3583 trans
1073 3526 1183 3582 latrum

83 3610 198 3669 Abares
214 3612 410 3691 compellere,
439 3609 495 3672 sed
507 3612 632 3686 frustra,
660 3610 744 3695 quod
760 3612 874 3671 viribus
887 3612 1018 3689 impares
1032 3618 1131 3667 essent
1145 3604 1185 3665 ad

85 3694 290 3775 reprimendos
307 3696 466 3773 barbaros,
495 3699 672 3777 praesertim
691 3716 761 3756 cum
780 3714 841 3755 uno
865 3693 1032 3777 eodemque
1052 3704 1187 3772 tempore

86 3782 131 3839 eis
147 3792 224 3839 emet
238 3780 444 3841 dimicandum
460 3793 563 3842 oontm
579 3785 697 3857 Persas,
720 3801 739 3840 a
754 3781 864 3861 quibus
878 3780 1084 3852 vexabantur,
1107 3773 1192 3835 unde'

85 3886 148 3923 non
162 3868 256 3925 semel
270 3865 309 3926 ad
321 3869 429 3927 incitas
443 3865 556 3926 redacti
567 3868 703 3927 Aboram
717 3886 807 3946 opem
820 3867 981 3946 implorare
999 3866 1093 3925 coacti
1107 3866 1188 3921 sunt.

169 3949 222 4014 41.
264 3949 416 4027 historici,
444 3971 521 4033 quos
532 3955 641 4012 tacitus
655 3949 761 4011 laudat
772 3951 893 4026 Pisida,
923 3949 1005 4032 quod
1020 3960 1090 4007 ante
1105 3967 1138 4005 se
1151 3945 1189 4005 de

87 4036 176 4095 rebus
188 4055 259 4095 cum
268 4037 403 4097 barbaris
416 4040 511 4116 gestis
525 4040 717 4118 scripserint,
747 4046 826 4095 certe
839 4046 908 4097 sunt
920 4037 1078 4115 Dexippus
1094 4030 1191 4093 Athe-

88 4123 216 4197 niensis,
245 4124 401 4203 Eunapius
416 4121 596 4198 Sardianus,
623 4125 745 4183 Priscus
761 4124 867 4181 Panita
884 4120 999 4194 rhetor,
1026 4116 1192 4178 Menander·

89 4210 255 4285 Protector,
280 4210 444 4287 Procopius
459 4210 676 4286 Caesariensis,
707 4205 852 4288 Agathias
869 4206 1050 4267 Murinensis
1072 4201 1191 4265 schola-
