<?xml version="1.0" encoding="UTF-8"?>
<!DOCTYPE html PUBLIC "-//W3C//DTD XHTML 1.0 Transitional//EN"
    "http://www.w3.org/TR/xhtml1/DTD/xhtml1-transitional.dtd">
<html xmlns="http://www.w3.org/1999/xhtml" xml:lang="en" lang="en">
 <head>
  <title>
</title>
<meta http-equiv="Content-Type" content="text/html;charset=utf-8" />
  <meta name='ocr-system' content='tesseract 3.04.00' />
  <meta name='ocr-capabilities' content='ocr_page ocr_carea ocr_par ocr_line ocrx_word'/>
</head>
<body>
  <div class='ocr_page' id='page_1' title='image "./corpusscriptoru71theogoog/corpusscriptoru71theogoog_0148.png"; bbox 0 0 2792 4709; ppageno 0'>
   <div class='ocr_carea' id='block_1_1' title="bbox 216 134 872 211">
    <p class='ocr_par' dir='ltr' id='par_1_1' title="bbox 216 134 872 211">
     <span class='ocr_line' id='line_1_1' title="bbox 216 134 872 211; baseline -0.006 0"><span class='ocrx_word' id='word_1_1' title='bbox 216 140 288 211; x_wconf 79' lang='lat' dir='ltr'><strong>teo</strong></span> <span class='ocrx_word' id='word_1_2' title='bbox 445 153 450 161; x_wconf 86' lang='lat'><em>&#39;</em></span> <span class='ocrx_word' id='word_1_3' title='bbox 641 138 704 207; x_wconf 85' lang='lat' dir='ltr'><strong>DU</strong></span> <span class='ocrx_word' id='word_1_4' title='bbox 728 134 872 207; x_wconf 74' lang='lat' dir='ltr'><strong>canen</strong></span> 
     </span>
    </p>
   </div>
   <div class='ocr_carea' id='block_1_2' title="bbox 108 299 1381 4210">
    <p class='ocr_par' dir='ltr' id='par_1_2' title="bbox 213 299 1324 469">
     <span class='ocr_line' id='line_1_2' title="bbox 213 299 1323 387; baseline -0.003 -20"><span class='ocrx_word' id='word_1_5' title='bbox 213 304 294 387; x_wconf 86' lang='lat' dir='ltr'><strong>apud</strong></span> <span class='ocrx_word' id='word_1_6' title='bbox 306 304 429 365; x_wconf 87' lang='lat' dir='ltr'><strong>llieron.</strong></span> <span class='ocrx_word' id='word_1_7' title='bbox 443 302 600 381; x_wconf 71' lang='lat' dir='ltr'><strong>babeam,</strong></span> <span class='ocrx_word' id='word_1_8' title='bbox 629 300 757 363; x_wconf 80' lang='lat' dir='ltr'><strong>donasse</strong></span> <span class='ocrx_word' id='word_1_9' title='bbox 776 302 887 383; x_wconf 81' lang='lat' dir='ltr'><strong>legitur</strong></span> <span class='ocrx_word' id='word_1_10' title='bbox 908 299 1052 361; x_wconf 82' lang='lat' dir='ltr'><strong>ecelesiae</strong></span> <span class='ocrx_word' id='word_1_11' title='bbox 1071 320 1144 363; x_wconf 83' lang='lat' dir='ltr'><strong>suae</strong></span> <span class='ocrx_word' id='word_1_12' title='bbox 1158 301 1323 383; x_wconf 64' lang='grc' dir='ltr'><strong><em>τπιίυίίτγπ</em></strong></span> 
     </span>
     <span class='ocr_line' id='line_1_3' title="bbox 214 384 1324 469; baseline -0.004 -18"><span class='ocrx_word' id='word_1_13' title='bbox 214 392 358 451; x_wconf 82' lang='lat' dir='ltr'><strong>bissinam</strong></span> <span class='ocrx_word' id='word_1_14' title='bbox 367 390 612 469; x_wconf 68' lang='lat' dir='ltr'><em>pretiosissimam</em></span> <span class='ocrx_word' id='word_1_15' title='bbox 621 408 739 447; x_wconf 82' lang='lat' dir='ltr'><strong>omnem</strong></span> <span class='ocrx_word' id='word_1_16' title='bbox 749 384 1084 447; x_wconf 59' lang='lat' dir='ltr'><strong>emendatiorum</strong></span> <span class='ocrx_word' id='word_1_17' title='bbox 1096 391 1324 463; x_wconf 66' lang='lat' dir='ltr'><strong>continetiam,</strong></span> 
     </span>
    </p>

    <p class='ocr_par' dir='ltr' id='par_1_3' title="bbox 213 470 1381 1301">
     <span class='ocr_line' id='line_1_4' title="bbox 214 470 1324 617; baseline -0.005 -81"><span class='ocrx_word' id='word_1_18' title='bbox 214 488 245 537; x_wconf 87' lang='lat' dir='ltr'><strong>et</strong></span> <span class='ocrx_word' id='word_1_19' title='bbox 256 478 352 535; x_wconf 81' lang='lat' dir='ltr'><strong>attam</strong></span> <span class='ocrx_word' id='word_1_20' title='bbox 362 496 398 533; x_wconf 75' lang='lat' dir='ltr'><strong>aar</strong></span> <span class='ocrx_word' id='word_1_21' title='bbox 410 495 486 532; x_wconf 83' lang='lat' dir='ltr'><strong>auro</strong></span> <span class='ocrx_word' id='word_1_22' title='bbox 496 470 657 553; x_wconf 69' lang='lat' dir='ltr'><strong>endothym,</strong></span> <span class='ocrx_word' id='word_1_23' title='bbox 669 476 771 572; x_wconf 72' lang='grc' dir='ltr'><strong><em>ι’πμυω</em></strong></span> <span class='ocrx_word' id='word_1_24' title='bbox 779 492 853 531; x_wconf 82' lang='lat' dir='ltr'><strong>nrsro</strong></span> <span class='ocrx_word' id='word_1_25' title='bbox 870 472 964 571; x_wconf 63' lang='lat' dir='ltr'><strong>textili</strong></span> <span class='ocrx_word' id='word_1_26' title='bbox 970 475 1324 617; x_wconf 47' lang='lat' dir='ltr'><strong>palaemonem</strong></span> 
     </span>
     <span class='ocr_line' id='line_1_5' title="bbox 213 556 1381 729; baseline -0.005 -23"><span class='ocrx_word' id='word_1_27' title='bbox 213 556 1185 725; x_wconf 53' lang='lat' dir='ltr'><strong>353le&amp;biblii‘&#39;zblt”ll}2“l..llill.l2s</strong></span> <span class='ocrx_word' id='word_1_28' title='bbox 1209 580 1324 702; x_wconf 55' lang='lat' dir='ltr'><strong>...if</strong></span> <span class='ocrx_word' id='word_1_29' title='bbox 1380 688 1381 729; x_wconf 75' lang='lat'><strong>,</strong></span> 
     </span>
     <span class='ocr_line' id='line_1_6' title="bbox 213 728 1381 808; baseline -0.001 -18"><span class='ocrx_word' id='word_1_30' title='bbox 213 734 327 791; x_wconf 89' lang='lat' dir='ltr'><strong>siarum</strong></span> <span class='ocrx_word' id='word_1_31' title='bbox 347 732 452 789; x_wconf 84' lang='lat' dir='ltr'><strong>aulaea</strong></span> <span class='ocrx_word' id='word_1_32' title='bbox 473 730 632 789; x_wconf 85' lang='lat' dir='ltr'><strong>Anastasio</strong></span> <span class='ocrx_word' id='word_1_33' title='bbox 651 728 764 807; x_wconf 86' lang='lat' dir='ltr'><strong>passim</strong></span> <span class='ocrx_word' id='word_1_34' title='bbox 787 740 817 787; x_wconf 90' lang='lat' dir='ltr'><strong>et</strong></span> <span class='ocrx_word' id='word_1_35' title='bbox 840 730 944 789; x_wconf 88' lang='lat' dir='ltr'><strong>ceteris</strong></span> <span class='ocrx_word' id='word_1_36' title='bbox 966 730 1156 808; x_wconf 73' lang='lat' dir='ltr'><strong>scriptoribus</strong></span> <span class='ocrx_word' id='word_1_37' title='bbox 1180 730 1321 789; x_wconf 75' lang='lat' dir='ltr'><strong>munis.</strong></span> <span class='ocrx_word' id='word_1_38' title='bbox 1380 730 1381 795; x_wconf 73' lang='grc' dir='ltr'><strong><em>ί</em></strong></span> 
     </span>
     <span class='ocr_line' id='line_1_7' title="bbox 213 813 1322 897; baseline -0.002 -22"><span class='ocrx_word' id='word_1_39' title='bbox 213 813 297 876; x_wconf 85' lang='lat' dir='ltr'><strong>aedis</strong></span> <span class='ocrx_word' id='word_1_40' title='bbox 316 814 487 897; x_wconf 84' lang='lat' dir='ltr'><strong>Sophianae</strong></span> <span class='ocrx_word' id='word_1_41' title='bbox 509 834 598 895; x_wconf 88' lang='lat' dir='ltr'><strong>porro</strong></span> <span class='ocrx_word' id='word_1_42' title='bbox 617 823 876 889; x_wconf 85' lang='lat' dir='ltr'><strong>ornamentorum,</strong></span> <span class='ocrx_word' id='word_1_43' title='bbox 906 815 951 873; x_wconf 87' lang='lat' dir='ltr'><strong>uti</strong></span> <span class='ocrx_word' id='word_1_44' title='bbox 969 824 1092 889; x_wconf 80' lang='lat' dir='ltr'><strong>vocant,</strong></span> <span class='ocrx_word' id='word_1_45' title='bbox 1122 814 1322 893; x_wconf 75' lang='lat' dir='ltr'>opulentiam</span> 
     </span>
     <span class='ocr_line' id='line_1_8' title="bbox 214 896 1381 978; baseline -0.004 -18"><span class='ocrx_word' id='word_1_46' title='bbox 214 904 257 960; x_wconf 91' lang='lat' dir='ltr'><strong>sic</strong></span> <span class='ocrx_word' id='word_1_47' title='bbox 275 898 463 961; x_wconf 74' lang='lat' dir='ltr'><strong>commendat</strong></span> <span class='ocrx_word' id='word_1_48' title='bbox 479 900 622 978; x_wconf 79' lang='lat' dir='ltr'><strong>sugerius</strong></span> <span class='ocrx_word' id='word_1_49' title='bbox 642 898 696 957; x_wconf 93' lang='lat' dir='ltr'><strong>lib.</strong></span> <span class='ocrx_word' id='word_1_50' title='bbox 716 896 754 959; x_wconf 89' lang='lat' dir='ltr'><strong>de</strong></span> <span class='ocrx_word' id='word_1_51' title='bbox 766 898 943 959; x_wconf 83' lang='lat' dir='ltr'><strong>Administr.</strong></span> <span class='ocrx_word' id='word_1_52' title='bbox 957 917 1028 959; x_wconf 87' lang='lat' dir='ltr'><strong>sua:</strong></span> <span class='ocrx_word' id='word_1_53' title='bbox 1058 898 1253 959; x_wconf 65' lang='lat' dir='ltr'><strong>aemula</strong></span> <span class='ocrx_word' id='word_1_54' title='bbox 1265 902 1321 957; x_wconf 84' lang='lat' dir='ltr'><strong>si-</strong></span> <span class='ocrx_word' id='word_1_55' title='bbox 1380 910 1381 971; x_wconf 63' lang='lat' dir='ltr'><strong>t</strong></span> 
     </span>
     <span class='ocr_line' id='line_1_9' title="bbox 213 982 1381 1066; baseline -0.003 -21"><span class='ocrx_word' id='word_1_56' title='bbox 213 986 335 1066; x_wconf 62' lang='lat' dir='ltr'><strong>quidem</strong></span> <span class='ocrx_word' id='word_1_57' title='bbox 357 997 387 1043; x_wconf 85' lang='lat' dir='ltr'><strong>et</strong></span> <span class='ocrx_word' id='word_1_58' title='bbox 396 985 467 1065; x_wconf 87' lang='lat' dir='ltr'><strong>fera</strong></span> <span class='ocrx_word' id='word_1_59' title='bbox 484 983 672 1042; x_wconf 67' lang='lat' dir='ltr'><strong>ncrednttn</strong></span> <span class='ocrx_word' id='word_1_60' title='bbox 686 1004 708 1041; x_wconf 84' lang='lat' dir='ltr'><strong>a</strong></span> <span class='ocrx_word' id='word_1_61' title='bbox 721 987 793 1045; x_wconf 76' lang='lat' dir='ltr'><strong>vt&#39;ris</strong></span> <span class='ocrx_word' id='word_1_62' title='bbox 809 984 948 1044; x_wconf 67' lang='lat' dir='ltr'><strong>veridicis</strong></span> <span class='ocrx_word' id='word_1_63' title='bbox 963 982 1208 1063; x_wconf 79' lang='lat' dir='ltr'><strong>quampluribus</strong></span> <span class='ocrx_word' id='word_1_64' title='bbox 1227 994 1257 1041; x_wconf 82' lang='lat' dir='ltr'><strong>et</strong></span> <span class='ocrx_word' id='word_1_65' title='bbox 1269 984 1321 1041; x_wconf 84' lang='lat' dir='ltr'><strong>ab</strong></span> <span class='ocrx_word' id='word_1_66' title='bbox 1380 1004 1381 1021; x_wconf 49' lang='grc' dir='ltr'><strong><em>ν</em></strong></span> 
     </span>
     <span class='ocr_line' id='line_1_10' title="bbox 213 1066 1322 1149; baseline -0.001 -20"><span class='ocrx_word' id='word_1_67' title='bbox 213 1074 348 1149; x_wconf 67' lang='lat' dir='ltr'><strong>episcopo</strong></span> <span class='ocrx_word' id='word_1_68' title='bbox 360 1069 559 1129; x_wconf 63' lang='lat' dir='ltr'><strong>Lentonem</strong></span> <span class='ocrx_word' id='word_1_69' title='bbox 566 1070 700 1149; x_wconf 75' lang='lat' dir='ltr'><strong>Hugom</strong></span> <span class='ocrx_word' id='word_1_70' title='bbox 713 1071 746 1129; x_wconf 83' lang='lat' dir='ltr'><strong>in</strong></span> <span class='ocrx_word' id='word_1_71' title='bbox 760 1068 952 1127; x_wconf 68' lang='lat' dir='ltr'><em>celebrationi</em></span> <span class='ocrx_word' id='word_1_72' title='bbox 965 1070 1163 1128; x_wconf 65' lang='lat' dir='ltr'><strong>cessasses.</strong></span> <span class='ocrx_word' id='word_1_73' title='bbox 1177 1066 1322 1149; x_wconf 66' lang='grc' dir='ltr'><strong><em>δομίιὰτσ</em></strong></span> 
     </span>
     <span class='ocr_line' id='line_1_11' title="bbox 213 1154 1381 1235; baseline 0 -20"><span class='ocrx_word' id='word_1_74' title='bbox 213 1168 453 1215; x_wconf 83' lang='lat' dir='ltr'><strong>ornamentorrun</strong></span> <span class='ocrx_word' id='word_1_75' title='bbox 460 1156 689 1235; x_wconf 75' lang='lat' dir='ltr'><strong>praerogativa,</strong></span> <span class='ocrx_word' id='word_1_76' title='bbox 717 1174 832 1214; x_wconf 80' lang='grc' dir='ltr'><strong><em>πιοποπ</em></strong></span> <span class='ocrx_word' id='word_1_77' title='bbox 851 1166 879 1213; x_wconf 88' lang='lat' dir='ltr'><strong>et</strong></span> <span class='ocrx_word' id='word_1_78' title='bbox 892 1154 1025 1215; x_wconf 70' lang='grc' dir='ltr'><strong><em>αίιωναοι</em></strong></span> <span class='ocrx_word' id='word_1_79' title='bbox 1040 1156 1233 1215; x_wconf 68' lang='lat' dir='ltr'><strong>ecclesiarum</strong></span> <span class='ocrx_word' id='word_1_80' title='bbox 1250 1176 1320 1215; x_wconf 75' lang='lat' dir='ltr'><strong>aas·</strong></span> <span class='ocrx_word' id='word_1_81' title='bbox 1380 1164 1381 1179; x_wconf 66' lang='lat'>¹</span> 
     </span>
     <span class='ocr_line' id='line_1_12' title="bbox 214 1241 378 1301; baseline 0.006 -1"><span class='ocrx_word' id='word_1_82' title='bbox 214 1241 378 1301; x_wconf 71' lang='lat' dir='ltr'><strong>dieram.</strong></span> 
     </span>
    </p>

    <p class='ocr_par' dir='ltr' id='par_1_4' title="bbox 213 1319 1381 1829">
     <span class='ocr_line' id='line_1_13' title="bbox 299 1319 1381 1406; baseline 0.003 -24"><span class='ocrx_word' id='word_1_83' title='bbox 299 1328 350 1389; x_wconf 88' lang='lat'><strong>66.</strong></span> <span class='ocrx_word' id='word_1_84' title='bbox 392 1321 454 1383; x_wconf 89' lang='lat' dir='ltr'><strong>Sed</strong></span> <span class='ocrx_word' id='word_1_85' title='bbox 477 1324 653 1402; x_wconf 74' lang='lat' dir='ltr'><strong>priusquam</strong></span> <span class='ocrx_word' id='word_1_86' title='bbox 676 1344 694 1381; x_wconf 87' lang='lat' dir='ltr'><strong>e</strong></span> <span class='ocrx_word' id='word_1_87' title='bbox 717 1322 836 1381; x_wconf 86' lang='lat' dir='ltr'><strong>bemate</strong></span> <span class='ocrx_word' id='word_1_88' title='bbox 857 1319 1037 1383; x_wconf 76' lang='lat' dir='ltr'><strong>excedamus</strong></span> <span class='ocrx_word' id='word_1_89' title='bbox 1060 1334 1154 1406; x_wconf 84' lang='lat' dir='ltr'><strong>atque</strong></span> <span class='ocrx_word' id='word_1_90' title='bbox 1169 1320 1248 1385; x_wconf 87' lang='lat' dir='ltr'><strong>adeo</strong></span> <span class='ocrx_word' id='word_1_91' title='bbox 1269 1344 1318 1384; x_wconf 82' lang='lat' dir='ltr'><strong>ex</strong></span> <span class='ocrx_word' id='word_1_92' title='bbox 1380 1360 1381 1385; x_wconf 72' lang='lat' dir='ltr'><strong>t</strong></span> 
     </span>
     <span class='ocr_line' id='line_1_14' title="bbox 213 1402 1318 1491; baseline -0.002 -21"><span class='ocrx_word' id='word_1_93' title='bbox 213 1412 279 1491; x_wconf 90' lang='lat' dir='ltr'><strong>ipsa</strong></span> <span class='ocrx_word' id='word_1_94' title='bbox 296 1406 426 1482; x_wconf 90' lang='lat' dir='ltr'><strong>concha,</strong></span> <span class='ocrx_word' id='word_1_95' title='bbox 447 1418 577 1487; x_wconf 77' lang='lat' dir='ltr'><strong>praestat</strong></span> <span class='ocrx_word' id='word_1_96' title='bbox 591 1402 782 1486; x_wconf 75' lang='grc' dir='ltr'><strong><em>σύνθρονον,</em></strong></span> <span class='ocrx_word' id='word_1_97' title='bbox 803 1406 854 1489; x_wconf 89' lang='lat' dir='ltr'><strong>qui</strong></span> <span class='ocrx_word' id='word_1_98' title='bbox 870 1410 902 1466; x_wconf 89' lang='lat' dir='ltr'><strong>iu</strong></span> <span class='ocrx_word' id='word_1_99' title='bbox 918 1428 953 1467; x_wconf 89' lang='lat' dir='ltr'><strong>ea</strong></span> <span class='ocrx_word' id='word_1_100' title='bbox 969 1411 1098 1486; x_wconf 85' lang='lat' dir='ltr'><strong>exstitit,</strong></span> <span class='ocrx_word' id='word_1_101' title='bbox 1130 1408 1318 1469; x_wconf 77' lang='lat' dir='ltr'><strong>describere.</strong></span> 
     </span>
     <span class='ocr_line' id='line_1_15' title="bbox 213 1484 1381 1574; baseline 0.003 -20"><span class='ocrx_word' id='word_1_102' title='bbox 213 1494 347 1554; x_wconf 86' lang='lat' dir='ltr'><strong>mediam</strong></span> <span class='ocrx_word' id='word_1_103' title='bbox 366 1496 447 1552; x_wconf 88' lang='lat' dir='ltr'><strong>enim</strong></span> <span class='ocrx_word' id='word_1_104' title='bbox 467 1491 612 1552; x_wconf 89' lang='lat' dir='ltr'><strong>concham</strong></span> <span class='ocrx_word' id='word_1_105' title='bbox 631 1495 771 1574; x_wconf 86' lang='lat' dir='ltr'><strong>utrinque</strong></span> <span class='ocrx_word' id='word_1_106' title='bbox 789 1492 942 1552; x_wconf 73' lang='lat' dir='ltr'><strong>ambibunt</strong></span> <span class='ocrx_word' id='word_1_107' title='bbox 962 1493 1151 1553; x_wconf 88' lang='lat' dir='ltr'><strong>sacerdotum</strong></span> <span class='ocrx_word' id='word_1_108' title='bbox 1166 1505 1196 1555; x_wconf 89' lang='lat' dir='ltr'><strong>et</strong></span> <span class='ocrx_word' id='word_1_109' title='bbox 1210 1496 1318 1554; x_wconf 84' lang='lat' dir='ltr'><strong>eccle-</strong></span> <span class='ocrx_word' id='word_1_110' title='bbox 1380 1484 1381 1557; x_wconf 57' lang='grc' dir='ltr'><strong><em>ί</em></strong></span> 
     </span>
     <span class='ocr_line' id='line_1_16' title="bbox 214 1578 1317 1661; baseline -0.002 -22"><span class='ocrx_word' id='word_1_111' title='bbox 214 1584 277 1639; x_wconf 89' lang='lat' dir='ltr'><strong>siae</strong></span> <span class='ocrx_word' id='word_1_112' title='bbox 292 1581 495 1639; x_wconf 80' lang='lat' dir='ltr'><strong>ministrorum</strong></span> <span class='ocrx_word' id='word_1_113' title='bbox 508 1598 592 1638; x_wconf 85' lang='lat' dir='ltr'><strong>saara</strong></span> <span class='ocrx_word' id='word_1_114' title='bbox 603 1579 777 1638; x_wconf 80' lang='lat' dir='ltr'><strong>iacientium</strong></span> <span class='ocrx_word' id='word_1_115' title='bbox 794 1578 951 1653; x_wconf 87' lang='lat' dir='ltr'><strong>subsellia,</strong></span> <span class='ocrx_word' id='word_1_116' title='bbox 983 1590 1074 1661; x_wconf 89' lang='lat' dir='ltr'><strong>atque</strong></span> <span class='ocrx_word' id='word_1_117' title='bbox 1086 1582 1166 1639; x_wconf 89' lang='lat' dir='ltr'><strong>iniis</strong></span> <span class='ocrx_word' id='word_1_118' title='bbox 1179 1582 1317 1659; x_wconf 83' lang='lat' dir='ltr'><strong>patriar·</strong></span> 
     </span>
     <span class='ocr_line' id='line_1_17' title="bbox 214 1662 1381 1747; baseline 0 -24"><span class='ocrx_word' id='word_1_119' title='bbox 214 1662 290 1723; x_wconf 87' lang='lat' dir='ltr'><strong>chae</strong></span> <span class='ocrx_word' id='word_1_120' title='bbox 303 1662 390 1725; x_wconf 89' lang='lat' dir='ltr'><strong>sedes</strong></span> <span class='ocrx_word' id='word_1_121' title='bbox 407 1674 436 1721; x_wconf 87' lang='lat' dir='ltr'><strong>et</strong></span> <span class='ocrx_word' id='word_1_122' title='bbox 452 1662 576 1722; x_wconf 81' lang='lat' dir='ltr'><strong>thronus</strong></span> <span class='ocrx_word' id='word_1_123' title='bbox 589 1664 746 1737; x_wconf 86' lang='lat' dir='ltr'><strong>excelsior,</strong></span> <span class='ocrx_word' id='word_1_124' title='bbox 760 1664 803 1721; x_wconf 87' lang='lat' dir='ltr'><strong>ita</strong></span> <span class='ocrx_word' id='word_1_125' title='bbox 815 1672 849 1722; x_wconf 93' lang='lat' dir='ltr'><strong>ut</strong></span> <span class='ocrx_word' id='word_1_126' title='bbox 862 1665 894 1721; x_wconf 90' lang='lat' dir='ltr'><strong>in</strong></span> <span class='ocrx_word' id='word_1_127' title='bbox 908 1666 1081 1743; x_wconf 83' lang='lat' dir='ltr'><strong>proximum</strong></span> <span class='ocrx_word' id='word_1_128' title='bbox 1097 1675 1234 1725; x_wconf 78' lang='lat' dir='ltr'><strong>centrum</strong></span> <span class='ocrx_word' id='word_1_129' title='bbox 1246 1666 1317 1725; x_wconf 80' lang='lat' dir='ltr'><strong>eoi·</strong></span> <span class='ocrx_word' id='word_1_130' title='bbox 1380 1684 1381 1747; x_wconf 62' lang='lat' dir='ltr'><strong>t</strong></span> 
     </span>
     <span class='ocr_line' id='line_1_18' title="bbox 215 1749 1381 1829; baseline -0.007 -20"><span class='ocrx_word' id='word_1_131' title='bbox 215 1760 293 1809; x_wconf 87' lang='lat' dir='ltr'><strong>rent.</strong></span> <span class='ocrx_word' id='word_1_132' title='bbox 335 1750 523 1811; x_wconf 75' lang='lat' dir='ltr'><strong>silentiarius</strong></span> <span class='ocrx_word' id='word_1_133' title='bbox 538 1749 689 1829; x_wconf 71' lang='lat' dir='ltr'><strong>partiv-</strong></span> <span class='ocrx_word' id='word_1_134' title='bbox 703 1750 783 1813; x_wconf 82' lang='lat'><strong>229:</strong></span> <span class='ocrx_word' id='word_1_135' title='bbox 1380 1756 1381 1763; x_wconf 75' lang='grc'>’</span> 
     </span>
    </p>

    <p class='ocr_par' dir='ltr' id='par_1_5' title="bbox 108 1822 1381 4210">
     <span class='ocr_line' id='line_1_19' title="bbox 735 1822 1134 1913; baseline 0.01 -20"><span class='ocrx_word' id='word_1_136' title='bbox 735 1830 811 1913; x_wconf 78' lang='grc' dir='ltr'><strong><em>μέση</em></strong></span> <span class='ocrx_word' id='word_1_137' title='bbox 826 1822 859 1895; x_wconf 80' lang='grc' dir='ltr'><strong>δ’</strong></span> <span class='ocrx_word' id='word_1_138' title='bbox 870 1828 998 1907; x_wconf 68' lang='lat' dir='ltr'><strong>licionio</strong></span> <span class='ocrx_word' id='word_1_139' title='bbox 1010 1826 1134 1907; x_wconf 83' lang='grc' dir='ltr'><strong><em>θοέκους</em></strong></span> 
     </span>
     <span class='ocr_line' id='line_1_20' title="bbox 339 1910 1037 2076; baseline 0.002 -9"><span class='ocrx_word' id='word_1_140' title='bbox 339 1910 1226 2076; x_wconf 51' lang='lat' dir='ltr'><strong>temnocorceone2⁶tor</strong></span> 
     </span>
     <span class='ocr_line' id='line_1_21' title="bbox 340 2026 1381 2171; baseline -0.001 -20"><span class='ocrx_word' id='word_1_141' title='bbox 340 2026 500 2170; x_wconf 73' lang='grc' dir='ltr'><strong><em>έργιίτεήέον</em></strong></span> <span class='ocrx_word' id='word_1_142' title='bbox 513 2085 583 2168; x_wconf 90' lang='grc' dir='ltr'><strong><em>περί</em></strong></span> <span class='ocrx_word' id='word_1_143' title='bbox 597 2086 722 2171; x_wconf 91' lang='grc' dir='ltr'><strong><em>κέντρου</em></strong></span> <span class='ocrx_word' id='word_1_144' title='bbox 739 2086 789 2151; x_wconf 84' lang='grc' dir='ltr'><strong><em>έπί</em></strong></span> <span class='ocrx_word' id='word_1_145' title='bbox 802 2080 924 2169; x_wconf 72' lang='grc' dir='ltr'><strong><em>χθονός.</em></strong></span> <span class='ocrx_word' id='word_1_146' title='bbox 1380 2160 1381 2171; x_wconf 18' lang='lat'>¹</span> 
     </span>
     <span class='ocr_line' id='line_1_22' title="bbox 215 2169 1315 2253; baseline -0.003 -20"><span class='ocrx_word' id='word_1_147' title='bbox 215 2174 392 2253; x_wconf 75' lang='lat' dir='ltr'><strong>Anonymus</strong></span> <span class='ocrx_word' id='word_1_148' title='bbox 413 2182 527 2252; x_wconf 84' lang='lat' dir='ltr'><strong>septem</strong></span> <span class='ocrx_word' id='word_1_149' title='bbox 546 2169 668 2231; x_wconf 80' lang='lat' dir='ltr'><strong>sedibus</strong></span> <span class='ocrx_word' id='word_1_150' title='bbox 687 2182 821 2247; x_wconf 87' lang='lat' dir='ltr'><strong>tantum,</strong></span> <span class='ocrx_word' id='word_1_151' title='bbox 850 2172 951 2230; x_wconf 88' lang='lat' dir='ltr'><strong>nescio</strong></span> <span class='ocrx_word' id='word_1_152' title='bbox 973 2190 1012 2229; x_wconf 85' lang='lat' dir='ltr'><strong>an</strong></span> <span class='ocrx_word' id='word_1_153' title='bbox 1025 2191 1114 2247; x_wconf 81' lang='lat' dir='ltr'><strong>vere,</strong></span> <span class='ocrx_word' id='word_1_154' title='bbox 1141 2170 1315 2231; x_wconf 79' lang='lat' dir='ltr'><strong>constitisse</strong></span> 
     </span>
     <span class='ocr_line' id='line_1_23' title="bbox 215 2252 1315 2338; baseline 0.002 -21"><span class='ocrx_word' id='word_1_155' title='bbox 215 2256 291 2317; x_wconf 89' lang='lat' dir='ltr'><strong>haec</strong></span> <span class='ocrx_word' id='word_1_156' title='bbox 303 2257 445 2316; x_wconf 89' lang='lat' dir='ltr'><strong>subsellia</strong></span> <span class='ocrx_word' id='word_1_157' title='bbox 458 2258 563 2333; x_wconf 81' lang='lat' dir='ltr'><strong>refert,</strong></span> <span class='ocrx_word' id='word_1_158' title='bbox 593 2257 756 2338; x_wconf 86' lang='lat' dir='ltr'><strong>inquibus</strong></span> <span class='ocrx_word' id='word_1_159' title='bbox 776 2252 943 2316; x_wconf 83' lang='lat' dir='ltr'><strong>sacerdotes</strong></span> <span class='ocrx_word' id='word_1_160' title='bbox 964 2254 1149 2336; x_wconf 88' lang='lat' dir='ltr'><strong>patriarchae</strong></span> <span class='ocrx_word' id='word_1_161' title='bbox 1163 2274 1248 2315; x_wconf 83' lang='lat' dir='ltr'><strong>sacra</strong></span> <span class='ocrx_word' id='word_1_162' title='bbox 1261 2258 1315 2314; x_wconf 83' lang='lat' dir='ltr'><strong>la·</strong></span> 
     </span>
     <span class='ocr_line' id='line_1_24' title="bbox 108 2337 1316 2423; baseline 0.002 -22"><span class='ocrx_word' id='word_1_163' title='bbox 108 2342 202 2403; x_wconf 75' lang='lat' dir='ltr'><strong>rste</strong></span> <span class='ocrx_word' id='word_1_164' title='bbox 219 2344 309 2402; x_wconf 87' lang='lat' dir='ltr'><strong>cienti</strong></span> <span class='ocrx_word' id='word_1_165' title='bbox 330 2344 532 2402; x_wconf 88' lang='lat' dir='ltr'><strong>ministrantes</strong></span> <span class='ocrx_word' id='word_1_166' title='bbox 555 2362 623 2401; x_wconf 90' lang='lat' dir='ltr'><strong>cnm</strong></span> <span class='ocrx_word' id='word_1_167' title='bbox 644 2364 680 2401; x_wconf 88' lang='lat' dir='ltr'><strong>eo</strong></span> <span class='ocrx_word' id='word_1_168' title='bbox 703 2339 807 2401; x_wconf 87' lang='lat' dir='ltr'><strong>sedere</strong></span> <span class='ocrx_word' id='word_1_169' title='bbox 824 2352 1055 2401; x_wconf 84' lang='lat' dir='ltr'><strong>consueverant:</strong></span> <span class='ocrx_word' id='word_1_170' title='bbox 1087 2337 1141 2415; x_wconf 81' lang='grc' dir='ltr'><strong>τδς</strong></span> <span class='ocrx_word' id='word_1_171' title='bbox 1155 2338 1187 2403; x_wconf 83' lang='grc' dir='ltr'><strong><em>δέ</em></strong></span> <span class='ocrx_word' id='word_1_172' title='bbox 1204 2337 1316 2423; x_wconf 74' lang='grc' dir='ltr'><strong><em>βάσεις</em></strong></span> 
     </span>
     <span class='ocr_line' id='line_1_25' title="bbox 214 2419 1316 2510; baseline -0.004 -18"><span class='ocrx_word' id='word_1_173' title='bbox 214 2425 270 2504; x_wconf 72' lang='grc' dir='ltr'><strong>τὰς</strong></span> <span class='ocrx_word' id='word_1_174' title='bbox 284 2424 358 2491; x_wconf 67' lang='lat' dir='ltr'><strong>emi</strong></span> <span class='ocrx_word' id='word_1_175' title='bbox 371 2433 433 2509; x_wconf 77' lang='grc' dir='ltr'><strong><em>των</em></strong></span> <span class='ocrx_word' id='word_1_176' title='bbox 447 2429 565 2510; x_wconf 85' lang='grc' dir='ltr'><strong><em>ίερέων,</em></strong></span> <span class='ocrx_word' id='word_1_177' title='bbox 588 2427 620 2493; x_wconf 88' lang='grc' dir='ltr'><strong>έν</strong></span> <span class='ocrx_word' id='word_1_178' title='bbox 638 2422 686 2503; x_wconf 84' lang='grc' dir='ltr'><strong>αίς</strong></span> <span class='ocrx_word' id='word_1_179' title='bbox 699 2428 892 2503; x_wconf 72' lang='grc' dir='ltr'><strong><em>καθέζονται,</em></strong></span> <span class='ocrx_word' id='word_1_180' title='bbox 914 2424 971 2489; x_wconf 81' lang='grc' dir='ltr'><strong><em>σδν</em></strong></span> <span class='ocrx_word' id='word_1_181' title='bbox 986 2430 1043 2487; x_wconf 76' lang='grc' dir='ltr'><strong>τοῦ</strong></span> <span class='ocrx_word' id='word_1_182' title='bbox 1057 2419 1214 2508; x_wconf 71' lang='grc' dir='ltr'><strong><em>ἀρχιερέως</em></strong></span> <span class='ocrx_word' id='word_1_183' title='bbox 1225 2420 1316 2509; x_wconf 82' lang='grc' dir='ltr'><strong><em>θρό-</em></strong></span> 
     </span>
     <span class='ocr_line' id='line_1_26' title="bbox 215 2505 1316 2596; baseline -0.003 -18"><span class='ocrx_word' id='word_1_184' title='bbox 215 2538 273 2578; x_wconf 85' lang='grc' dir='ltr'><strong>νου</strong></span> <span class='ocrx_word' id='word_1_185' title='bbox 285 2512 336 2577; x_wconf 73' lang='lat' dir='ltr'><strong>ast</strong></span> <span class='ocrx_word' id='word_1_186' title='bbox 349 2518 409 2576; x_wconf 79' lang='grc' dir='ltr'><strong><em>τῶν</em></strong></span> <span class='ocrx_word' id='word_1_187' title='bbox 424 2510 574 2596; x_wconf 79' lang='grc' dir='ltr'><strong><em>τεσσέρων</em></strong></span> <span class='ocrx_word' id='word_1_188' title='bbox 587 2507 702 2576; x_wconf 83' lang='grc' dir='ltr'><strong><em>κιόνων</em></strong></span> <span class='ocrx_word' id='word_1_189' title='bbox 714 2506 932 2596; x_wconf 62' lang='lat' dir='ltr'><strong>accepisses,</strong></span> <span class='ocrx_word' id='word_1_190' title='bbox 955 2505 1066 2592; x_wconf 87' lang='grc' dir='ltr'><strong><em>στήσας</em></strong></span> <span class='ocrx_word' id='word_1_191' title='bbox 1079 2505 1170 2586; x_wconf 83' lang='grc' dir='ltr'><strong><em>είςτᾶ</em></strong></span> <span class='ocrx_word' id='word_1_192' title='bbox 1185 2508 1316 2593; x_wconf 76' lang='lat' dir='ltr'><strong>isimon</strong></span> 
     </span>
     <span class='ocr_line' id='line_1_27' title="bbox 215 2591 1316 2681; baseline 0.005 -25"><span class='ocrx_word' id='word_1_193' title='bbox 215 2598 302 2681; x_wconf 75' lang='grc' dir='ltr'><strong><em>μέρη.</em></strong></span> <span class='ocrx_word' id='word_1_194' title='bbox 343 2597 422 2656; x_wconf 89' lang='lat' dir='ltr'><strong>hanc</strong></span> <span class='ocrx_word' id='word_1_195' title='bbox 450 2619 537 2678; x_wconf 92' lang='lat' dir='ltr'><strong>porro</strong></span> <span class='ocrx_word' id='word_1_196' title='bbox 567 2600 778 2659; x_wconf 86' lang='lat' dir='ltr'><strong>subselliorum</strong></span> <span class='ocrx_word' id='word_1_197' title='bbox 805 2602 838 2657; x_wconf 92' lang='lat' dir='ltr'><strong>in</strong></span> <span class='ocrx_word' id='word_1_198' title='bbox 867 2594 980 2657; x_wconf 85' lang='lat' dir='ltr'><strong>concha</strong></span> <span class='ocrx_word' id='word_1_199' title='bbox 1004 2600 1114 2655; x_wconf 88' lang='lat' dir='ltr'><strong>seriem</strong></span> <span class='ocrx_word' id='word_1_200' title='bbox 1135 2591 1316 2678; x_wconf 74' lang='grc' dir='ltr'><strong><em>σύνθρονον</em></strong></span> 
     </span>
     <span class='ocr_line' id='line_1_28' title="bbox 216 2678 1315 2765; baseline 0.005 -23"><span class='ocrx_word' id='word_1_201' title='bbox 216 2686 323 2743; x_wconf 87' lang='lat' dir='ltr'><strong>Graeci</strong></span> <span class='ocrx_word' id='word_1_202' title='bbox 336 2685 498 2762; x_wconf 87' lang='lat' dir='ltr'><strong>appellant.</strong></span> <span class='ocrx_word' id='word_1_203' title='bbox 540 2682 746 2762; x_wconf 80' lang='lat' dir='ltr'><strong>Theophanes</strong></span> <span class='ocrx_word' id='word_1_204' title='bbox 759 2706 789 2763; x_wconf 89' lang='lat' dir='ltr'><strong>p.</strong></span> <span class='ocrx_word' id='word_1_205' title='bbox 804 2688 883 2748; x_wconf 81' lang='lat'>871:</span> <span class='ocrx_word' id='word_1_206' title='bbox 904 2685 961 2745; x_wconf 79' lang='lat' dir='ltr'><strong>rosi</strong></span> <span class='ocrx_word' id='word_1_207' title='bbox 974 2678 1157 2763; x_wconf 75' lang='grc' dir='ltr'><strong><em>πατριάρχου</em></strong></span> <span class='ocrx_word' id='word_1_208' title='bbox 1171 2680 1315 2765; x_wconf 78' lang='grc' dir='ltr'><strong><em>Νικήτου</em></strong></span> 
     </span>
     <span class='ocr_line' id='line_1_29' title="bbox 215 2762 1316 2852; baseline -0.005 -21"><span class='ocrx_word' id='word_1_209' title='bbox 215 2766 251 2831; x_wconf 90' lang='grc' dir='ltr'><strong>έν</strong></span> <span class='ocrx_word' id='word_1_210' title='bbox 265 2774 308 2852; x_wconf 75' lang='grc' dir='ltr'><strong>τῷ</strong></span> <span class='ocrx_word' id='word_1_211' title='bbox 321 2762 484 2847; x_wconf 85' lang='grc' dir='ltr'><strong><em>συνθρόνω</em></strong></span> <span class='ocrx_word' id='word_1_212' title='bbox 498 2767 702 2848; x_wconf 72' lang='grc' dir='ltr'><strong><em>καθεζομένου</em></strong></span> <span class='ocrx_word' id='word_1_213' title='bbox 716 2768 768 2831; x_wconf 81' lang='grc' dir='ltr'><strong>καί</strong></span> <span class='ocrx_word' id='word_1_214' title='bbox 782 2766 924 2849; x_wconf 71' lang='grc' dir='ltr'><strong><em>δριδντος.</em></strong></span> <span class='ocrx_word' id='word_1_215' title='bbox 954 2768 1100 2847; x_wconf 86' lang='lat' dir='ltr'><strong>Scylitzes</strong></span> <span class='ocrx_word' id='word_1_216' title='bbox 1113 2770 1145 2826; x_wconf 91' lang='lat' dir='ltr'><strong>in</strong></span> <span class='ocrx_word' id='word_1_217' title='bbox 1161 2769 1316 2828; x_wconf 83' lang='lat' dir='ltr'><strong>Constan-</strong></span> 
     </span>
     <span class='ocr_line' id='line_1_30' title="bbox 215 2829 1316 2935; baseline 0.007 -25"><span class='ocrx_word' id='word_1_218' title='bbox 215 2854 297 2911; x_wconf 86' lang='lat' dir='ltr'><strong>tino:</strong></span> <span class='ocrx_word' id='word_1_219' title='bbox 327 2850 440 2930; x_wconf 75' lang='grc' dir='ltr'><strong><em>ἐγένετο</em></strong></span> <span class='ocrx_word' id='word_1_220' title='bbox 460 2829 493 2911; x_wconf 79' lang='grc' dir='ltr'><strong><em>δέ</em></strong></span> <span class='ocrx_word' id='word_1_221' title='bbox 514 2848 591 2912; x_wconf 75' lang='grc' dir='ltr'><strong><em>κακαί</em></strong></span> <span class='ocrx_word' id='word_1_222' title='bbox 615 2848 671 2930; x_wconf 86' lang='grc' dir='ltr'><strong><em>τήν</em></strong></span> <span class='ocrx_word' id='word_1_223' title='bbox 692 2850 809 2935; x_wconf 89' lang='grc' dir='ltr'><strong><em>ήμέραν</em></strong></span> <span class='ocrx_word' id='word_1_224' title='bbox 828 2857 882 2933; x_wconf 81' lang='grc' dir='ltr'><strong>τῆς</strong></span> <span class='ocrx_word' id='word_1_225' title='bbox 903 2856 1105 2933; x_wconf 83' lang='grc' dir='ltr'><strong><em>πεντηκοστῆς</em></strong></span> <span class='ocrx_word' id='word_1_226' title='bbox 1124 2850 1238 2935; x_wconf 75' lang='grc' dir='ltr'><strong><em>ταραχή</em></strong></span> <span class='ocrx_word' id='word_1_227' title='bbox 1260 2852 1316 2917; x_wconf 71' lang='grc' dir='ltr'><strong><em>διαὶ</em></strong></span> 
     </span>
     <span class='ocr_line' id='line_1_31' title="bbox 214 2932 1316 3022; baseline 0.003 -23"><span class='ocrx_word' id='word_1_228' title='bbox 214 2932 273 3017; x_wconf 87' lang='grc' dir='ltr'><strong><em>τήν</em></strong></span> <span class='ocrx_word' id='word_1_229' title='bbox 286 2934 439 3016; x_wconf 77' lang='grc' dir='ltr'><strong><em>καθέδραν</em></strong></span> <span class='ocrx_word' id='word_1_230' title='bbox 454 2936 488 2997; x_wconf 84' lang='grc' dir='ltr'><strong>έν</strong></span> <span class='ocrx_word' id='word_1_231' title='bbox 502 2940 541 3021; x_wconf 72' lang='grc' dir='ltr'><strong>τῇ</strong></span> <span class='ocrx_word' id='word_1_232' title='bbox 556 2938 738 3022; x_wconf 72' lang='grc' dir='ltr'><strong><em>λειτουργίᾳ,</em></strong></span> <span class='ocrx_word' id='word_1_233' title='bbox 761 2934 803 3018; x_wconf 82' lang='grc' dir='ltr'><strong>μή</strong></span> <span class='ocrx_word' id='word_1_234' title='bbox 819 2937 1064 3019; x_wconf 77' lang='grc' dir='ltr'><strong><em>καταδεξαμένων</em></strong></span> <span class='ocrx_word' id='word_1_235' title='bbox 1079 2942 1140 3001; x_wconf 76' lang='lat' dir='ltr'><strong>cois</strong></span> <span class='ocrx_word' id='word_1_236' title='bbox 1156 2961 1316 3019; x_wconf 84' lang='grc' dir='ltr'><strong><em>μητροπσ·</em></strong></span> 
     </span>
     <span class='ocr_line' id='line_1_32' title="bbox 215 3016 1316 3106; baseline -0.001 -22"><span class='ocrx_word' id='word_1_237' title='bbox 215 3024 307 3085; x_wconf 72' lang='grc' dir='ltr'><strong><em>λιτοῖν</em></strong></span> <span class='ocrx_word' id='word_1_238' title='bbox 320 3023 505 3103; x_wconf 79' lang='grc' dir='ltr'><strong><em>προκαθίσαι</em></strong></span> <span class='ocrx_word' id='word_1_239' title='bbox 520 3016 591 3096; x_wconf 68' lang='lat' dir='ltr'><strong>roric</strong></span> <span class='ocrx_word' id='word_1_240' title='bbox 603 3022 781 3103; x_wconf 80' lang='grc' dir='ltr'><strong><em>συγκὲλίους</em></strong></span> <span class='ocrx_word' id='word_1_241' title='bbox 794 3022 826 3085; x_wconf 84' lang='grc' dir='ltr'><strong>έν</strong></span> <span class='ocrx_word' id='word_1_242' title='bbox 838 3026 880 3106; x_wconf 76' lang='grc' dir='ltr'><strong>τῷ</strong></span> <span class='ocrx_word' id='word_1_243' title='bbox 894 3016 1067 3102; x_wconf 81' lang='grc' dir='ltr'><strong><em>συνθρίνω.</em></strong></span> <span class='ocrx_word' id='word_1_244' title='bbox 1107 3026 1316 3083; x_wconf 80' lang='lat' dir='ltr'><strong>meminenurt</strong></span> 
     </span>
     <span class='ocr_line' id='line_1_33' title="bbox 217 3086 1316 3189; baseline 0.003 -23"><span class='ocrx_word' id='word_1_245' title='bbox 217 3109 308 3166; x_wconf 88' lang='lat' dir='ltr'><strong>etiam</strong></span> <span class='ocrx_word' id='word_1_246' title='bbox 322 3102 496 3189; x_wconf 87' lang='grc' dir='ltr'><strong><em>συνθρόνου</em></strong></span> <span class='ocrx_word' id='word_1_247' title='bbox 509 3104 566 3164; x_wconf 82' lang='lat' dir='ltr'><strong>hac</strong></span> <span class='ocrx_word' id='word_1_248' title='bbox 580 3109 700 3167; x_wconf 86' lang='lat' dir='ltr'><strong>notione</strong></span> <span class='ocrx_word' id='word_1_249' title='bbox 715 3106 935 3186; x_wconf 85' lang='lat' dir='ltr'><strong>Eucbologium</strong></span> <span class='ocrx_word' id='word_1_250' title='bbox 948 3110 1017 3182; x_wconf 77' lang='lat' dir='ltr'><strong>Gn,</strong></span> <span class='ocrx_word' id='word_1_251' title='bbox 1037 3086 1101 3166; x_wconf 79' lang='lat' dir='ltr'><strong>‘ubi</strong></span> <span class='ocrx_word' id='word_1_252' title='bbox 1126 3108 1163 3166; x_wconf 90' lang='lat' dir='ltr'><strong>de</strong></span> <span class='ocrx_word' id='word_1_253' title='bbox 1178 3112 1316 3189; x_wconf 83' lang='lat' dir='ltr'><strong>episcopi</strong></span> 
     </span>
     <span class='ocr_line' id='line_1_34' title="bbox 215 3189 1316 3274; baseline 0.002 -23"><span class='ocrx_word' id='word_1_254' title='bbox 215 3192 412 3265; x_wconf 86' lang='lat' dir='ltr'><strong>ordinatione,</strong></span> <span class='ocrx_word' id='word_1_255' title='bbox 433 3189 668 3271; x_wconf 86' lang='lat' dir='ltr'><strong>Pachymeres7</strong></span> <span class='ocrx_word' id='word_1_256' title='bbox 691 3198 741 3269; x_wconf 82' lang='grc'><strong>81,</strong></span> <span class='ocrx_word' id='word_1_257' title='bbox 764 3195 895 3274; x_wconf 83' lang='lat' dir='ltr'><strong>Symeon</strong></span> <span class='ocrx_word' id='word_1_258' title='bbox 908 3190 1047 3251; x_wconf 83' lang='lat' dir='ltr'><strong>Thessal.</strong></span> <span class='ocrx_word' id='word_1_259' title='bbox 1065 3194 1170 3251; x_wconf 84' lang='lat' dir='ltr'><strong>etalii.</strong></span> <span class='ocrx_word' id='word_1_260' title='bbox 1214 3205 1244 3252; x_wconf 87' lang='lat' dir='ltr'><strong>et</strong></span> <span class='ocrx_word' id='word_1_261' title='bbox 1262 3216 1316 3253; x_wconf 88' lang='lat' dir='ltr'><strong>re-</strong></span> 
     </span>
     <span class='ocr_line' id='line_1_35' title="bbox 216 3276 1317 3358; baseline 0.004 -23"><span class='ocrx_word' id='word_1_262' title='bbox 216 3288 263 3336; x_wconf 90' lang='lat' dir='ltr'><strong>cte</strong></span> <span class='ocrx_word' id='word_1_263' title='bbox 276 3276 450 3336; x_wconf 71' lang='lat' dir='ltr'><strong>id&#39;nominis</strong></span> <span class='ocrx_word' id='word_1_264' title='bbox 464 3276 609 3350; x_wconf 88' lang='lat' dir='ltr'><strong>inditum,</strong></span> <span class='ocrx_word' id='word_1_265' title='bbox 639 3276 721 3358; x_wconf 92' lang='lat' dir='ltr'><strong>quod</strong></span> <span class='ocrx_word' id='word_1_266' title='bbox 740 3299 801 3337; x_wconf 79' lang='lat' dir='ltr'><strong>tura</strong></span> <span class='ocrx_word' id='word_1_267' title='bbox 822 3276 987 3358; x_wconf 88' lang='lat' dir='ltr'><strong>eademque</strong></span> <span class='ocrx_word' id='word_1_268' title='bbox 1005 3287 1082 3336; x_wconf 87' lang='lat' dir='ltr'><strong>esset</strong></span> <span class='ocrx_word' id='word_1_269' title='bbox 1100 3278 1317 3339; x_wconf 82' lang='lat' dir='ltr'><strong>subselliorum</strong></span> 
     </span>
     <span class='ocr_line' id='line_1_36' title="bbox 216 3360 1315 3441; baseline 0.002 -20"><span class='ocrx_word' id='word_1_270' title='bbox 216 3365 353 3421; x_wconf 90' lang='lat' dir='ltr'><strong>omnium</strong></span> <span class='ocrx_word' id='word_1_271' title='bbox 365 3380 540 3439; x_wconf 87' lang='lat' dir='ltr'><strong>compages,</strong></span> <span class='ocrx_word' id='word_1_272' title='bbox 570 3380 647 3441; x_wconf 89' lang='lat' dir='ltr'><strong>qnae</strong></span> <span class='ocrx_word' id='word_1_273' title='bbox 662 3360 792 3422; x_wconf 88' lang='lat' dir='ltr'><strong>conchae</strong></span> <span class='ocrx_word' id='word_1_274' title='bbox 809 3382 958 3421; x_wconf 85' lang='lat' dir='ltr'><strong>recessum</strong></span> <span class='ocrx_word' id='word_1_275' title='bbox 973 3364 1140 3440; x_wconf 87' lang='lat' dir='ltr'><strong>ambibant,</strong></span> <span class='ocrx_word' id='word_1_276' title='bbox 1171 3365 1213 3421; x_wconf 88' lang='lat' dir='ltr'><strong>ita</strong></span> <span class='ocrx_word' id='word_1_277' title='bbox 1229 3366 1315 3423; x_wconf 83' lang='lat' dir='ltr'><strong>utin</strong></span> 
     </span>
     <span class='ocr_line' id='line_1_37' title="bbox 215 3445 1316 3511; baseline 0.005 -5"><span class='ocrx_word' id='word_1_278' title='bbox 215 3449 254 3506; x_wconf 81' lang='lat' dir='ltr'><strong>iis</strong></span> <span class='ocrx_word' id='word_1_279' title='bbox 278 3466 382 3505; x_wconf 88' lang='lat' dir='ltr'><strong>omnes</strong></span> <span class='ocrx_word' id='word_1_280' title='bbox 409 3448 551 3505; x_wconf 86' lang='lat' dir='ltr'><strong>ecclesiae</strong></span> <span class='ocrx_word' id='word_1_281' title='bbox 574 3450 703 3505; x_wconf 88' lang='lat' dir='ltr'><strong>ministri</strong></span> <span class='ocrx_word' id='word_1_282' title='bbox 725 3469 783 3507; x_wconf 88' lang='lat' dir='ltr'><strong>una</strong></span> <span class='ocrx_word' id='word_1_283' title='bbox 807 3459 836 3506; x_wconf 83' lang='lat' dir='ltr'><strong>et</strong></span> <span class='ocrx_word' id='word_1_284' title='bbox 858 3450 948 3507; x_wconf 87' lang='lat' dir='ltr'><strong>simul</strong></span> <span class='ocrx_word' id='word_1_285' title='bbox 970 3445 1119 3506; x_wconf 86' lang='lat' dir='ltr'><strong>sederent.</strong></span> <span class='ocrx_word' id='word_1_286' title='bbox 1161 3450 1316 3511; x_wconf 83' lang='lat' dir='ltr'><strong>Eusebius</strong></span> 
     </span>
     <span class='ocr_line' id='line_1_38' title="bbox 216 3524 1317 3611; baseline 0.008 -20"><span class='ocrx_word' id='word_1_287' title='bbox 216 3532 294 3591; x_wconf 87' lang='lat' dir='ltr'><strong>llist.</strong></span> <span class='ocrx_word' id='word_1_288' title='bbox 307 3532 388 3589; x_wconf 87' lang='lat' dir='ltr'><strong>Eccl.</strong></span> <span class='ocrx_word' id='word_1_289' title='bbox 405 3536 445 3594; x_wconf 91' lang='grc'><strong>10</strong></span> <span class='ocrx_word' id='word_1_290' title='bbox 462 3530 498 3593; x_wconf 79' lang='lat'><strong>4:</strong></span> <span class='ocrx_word' id='word_1_291' title='bbox 529 3525 604 3594; x_wconf 70' lang='lat' dir='ltr'><strong>itti</strong></span> <span class='ocrx_word' id='word_1_292' title='bbox 617 3532 667 3593; x_wconf 84' lang='grc' dir='ltr'><strong>καί</strong></span> <span class='ocrx_word' id='word_1_293' title='bbox 681 3524 739 3595; x_wconf 79' lang='grc' dir='ltr'><strong>ὦδε</strong></span> <span class='ocrx_word' id='word_1_294' title='bbox 754 3530 806 3595; x_wconf 77' lang='grc' dir='ltr'><strong>καί</strong></span> <span class='ocrx_word' id='word_1_295' title='bbox 821 3528 874 3596; x_wconf 78' lang='lat' dir='ltr'><strong>siv</strong></span> <span class='ocrx_word' id='word_1_296' title='bbox 890 3528 967 3595; x_wconf 83' lang='lat' dir='ltr'><strong>vsciv</strong></span> <span class='ocrx_word' id='word_1_297' title='bbox 982 3531 1160 3611; x_wconf 82' lang='grc' dir='ltr'><strong><em>έπιτελέσας,</em></strong></span> <span class='ocrx_word' id='word_1_298' title='bbox 1180 3528 1317 3611; x_wconf 76' lang='grc' dir='ltr'><strong><em>θρόνοις</em></strong></span> 
     </span>
     <span class='ocr_line' id='line_1_39' title="bbox 216 3610 1317 3701; baseline 0.004 -22"><span class='ocrx_word' id='word_1_299' title='bbox 216 3638 249 3679; x_wconf 84' lang='grc' dir='ltr'><strong>τε</strong></span> <span class='ocrx_word' id='word_1_300' title='bbox 263 3623 325 3689; x_wconf 81' lang='grc' dir='ltr'><strong><em>τοῖς</em></strong></span> <span class='ocrx_word' id='word_1_301' title='bbox 339 3610 481 3679; x_wconf 67' lang='lat' dir='ltr'><strong>scarico</strong></span> <span class='ocrx_word' id='word_1_302' title='bbox 496 3618 538 3690; x_wconf 90' lang='grc' dir='ltr'><strong>είς</strong></span> <span class='ocrx_word' id='word_1_303' title='bbox 553 3613 608 3698; x_wconf 88' lang='grc' dir='ltr'><strong><em>τήν</em></strong></span> <span class='ocrx_word' id='word_1_304' title='bbox 622 3623 683 3681; x_wconf 76' lang='grc' dir='ltr'><strong><em>τῶν</em></strong></span> <span class='ocrx_word' id='word_1_305' title='bbox 696 3617 852 3699; x_wconf 76' lang='grc' dir='ltr'><strong><em>προέδρων</em></strong></span> <span class='ocrx_word' id='word_1_306' title='bbox 870 3614 961 3699; x_wconf 84' lang='grc' dir='ltr'><strong><em>τιμήν</em></strong></span> <span class='ocrx_word' id='word_1_307' title='bbox 975 3616 1025 3681; x_wconf 81' lang='grc' dir='ltr'><strong>καί</strong></span> <span class='ocrx_word' id='word_1_308' title='bbox 1040 3616 1161 3700; x_wconf 86' lang='grc' dir='ltr'><strong><em>προσέτι</em></strong></span> <span class='ocrx_word' id='word_1_309' title='bbox 1176 3614 1317 3701; x_wconf 74' lang='grc' dir='ltr'><strong><em>βάθροις</em></strong></span> 
     </span>
     <span class='ocr_line' id='line_1_40' title="bbox 216 3695 1315 3785; baseline 0.001 -20"><span class='ocrx_word' id='word_1_310' title='bbox 216 3700 252 3765; x_wconf 91' lang='grc' dir='ltr'><strong>έν</strong></span> <span class='ocrx_word' id='word_1_311' title='bbox 264 3695 346 3776; x_wconf 79' lang='grc' dir='ltr'><strong><em>τέξει</em></strong></span> <span class='ocrx_word' id='word_1_312' title='bbox 357 3706 420 3775; x_wconf 84' lang='grc' dir='ltr'><strong><em>τοῖς</em></strong></span> <span class='ocrx_word' id='word_1_313' title='bbox 433 3699 569 3764; x_wconf 76' lang='grc' dir='ltr'><strong><em>καθόλου</em></strong></span> <span class='ocrx_word' id='word_1_314' title='bbox 583 3698 658 3764; x_wconf 73' lang='grc' dir='ltr'><strong><em>κατὰ</em></strong></span> <span class='ocrx_word' id='word_1_315' title='bbox 671 3700 706 3767; x_wconf 82' lang='grc' dir='ltr'><strong>ιδ</strong></span> <span class='ocrx_word' id='word_1_316' title='bbox 720 3702 835 3785; x_wconf 86' lang='grc' dir='ltr'><strong><em>πρέπον</em></strong></span> <span class='ocrx_word' id='word_1_317' title='bbox 849 3700 1011 3782; x_wconf 87' lang='grc' dir='ltr'><strong><em>κοσμήσας.</em></strong></span> <span class='ocrx_word' id='word_1_318' title='bbox 1055 3713 1085 3762; x_wconf 88' lang='lat' dir='ltr'><strong>et</strong></span> <span class='ocrx_word' id='word_1_319' title='bbox 1098 3704 1315 3766; x_wconf 82' lang='lat' dir='ltr'><strong>Constantinus</strong></span> 
     </span>
     <span class='ocr_line' id='line_1_41' title="bbox 216 3782 1317 3869; baseline 0.009 -24"><span class='ocrx_word' id='word_1_320' title='bbox 216 3784 403 3866; x_wconf 83' lang='lat' dir='ltr'><strong>Porphyrog.</strong></span> <span class='ocrx_word' id='word_1_321' title='bbox 418 3788 451 3843; x_wconf 90' lang='lat' dir='ltr'><strong>in</strong></span> <span class='ocrx_word' id='word_1_322' title='bbox 461 3788 572 3845; x_wconf 84' lang='lat' dir='ltr'><strong>Basilio</strong></span> <span class='ocrx_word' id='word_1_323' title='bbox 587 3806 613 3845; x_wconf 88' lang='grc' dir='ltr'><strong>ο.</strong></span> <span class='ocrx_word' id='word_1_324' title='bbox 628 3788 685 3851; x_wconf 85' lang='lat'><strong>55:</strong></span> <span class='ocrx_word' id='word_1_325' title='bbox 708 3788 742 3852; x_wconf 82' lang='grc' dir='ltr'><strong>οῗ</strong></span> <span class='ocrx_word' id='word_1_326' title='bbox 753 3811 783 3851; x_wconf 86' lang='grc' dir='ltr'><strong>τε</strong></span> <span class='ocrx_word' id='word_1_327' title='bbox 797 3782 882 3861; x_wconf 86' lang='grc' dir='ltr'><strong><em>έυτδς</em></strong></span> <span class='ocrx_word' id='word_1_328' title='bbox 896 3790 964 3862; x_wconf 79' lang='grc' dir='ltr'><strong><em>(τοῦ</em></strong></span> <span class='ocrx_word' id='word_1_329' title='bbox 974 3786 1206 3869; x_wconf 74' lang='grc' dir='ltr'><strong><em>θυσιαστηρίου)</em></strong></span> <span class='ocrx_word' id='word_1_330' title='bbox 1216 3786 1317 3855; x_wconf 71' lang='lat' dir='ltr'><strong>adeat</strong></span> 
     </span>
     <span class='ocr_line' id='line_1_42' title="bbox 216 3865 1316 3959; baseline 0.003 -24"><span class='ocrx_word' id='word_1_331' title='bbox 216 3871 269 3935; x_wconf 78' lang='grc' dir='ltr'><strong>καί</strong></span> <span class='ocrx_word' id='word_1_332' title='bbox 284 3872 320 3934; x_wconf 77' lang='lat' dir='ltr'><strong>oi</strong></span> <span class='ocrx_word' id='word_1_333' title='bbox 330 3868 390 3954; x_wconf 89' lang='grc' dir='ltr'><strong>πρδ</strong></span> <span class='ocrx_word' id='word_1_334' title='bbox 405 3865 521 3933; x_wconf 76' lang='grc' dir='ltr'><strong><em>τούτων</em></strong></span> <span class='ocrx_word' id='word_1_335' title='bbox 534 3873 684 3952; x_wconf 71' lang='grc' dir='ltr'><strong><em>βαθμίδος</em></strong></span> <span class='ocrx_word' id='word_1_336' title='bbox 702 3872 753 3937; x_wconf 82' lang='grc' dir='ltr'><strong>καί</strong></span> <span class='ocrx_word' id='word_1_337' title='bbox 771 3866 859 3937; x_wconf 78' lang='lat' dir='ltr'><strong>nicol</strong></span> <span class='ocrx_word' id='word_1_338' title='bbox 875 3872 910 3933; x_wconf 88' lang='grc' dir='ltr'><strong>αί</strong></span> <span class='ocrx_word' id='word_1_339' title='bbox 925 3870 1002 3954; x_wconf 79' lang='grc' dir='ltr'><strong><em>ἱεροί</em></strong></span> <span class='ocrx_word' id='word_1_340' title='bbox 1017 3867 1158 3952; x_wconf 70' lang='grc' dir='ltr'><strong><em>τράπεζαι</em></strong></span> <span class='ocrx_word' id='word_1_341' title='bbox 1171 3872 1202 3951; x_wconf 82' lang='grc' dir='ltr'><strong><em>έξ</em></strong></span> <span class='ocrx_word' id='word_1_342' title='bbox 1216 3868 1316 3959; x_wconf 73' lang='lat' dir='ltr'><strong>cippi·</strong></span> 
     </span>
     <span class='ocr_line' id='line_1_43' title="bbox 216 3949 1315 4043; baseline 0.002 -24"><span class='ocrx_word' id='word_1_343' title='bbox 216 3978 273 4036; x_wconf 91' lang='grc' dir='ltr'><strong>ρου</strong></span> <span class='ocrx_word' id='word_1_344' title='bbox 285 3949 386 4019; x_wconf 71' lang='grc' dir='ltr'><strong><em>πάντα</em></strong></span> <span class='ocrx_word' id='word_1_345' title='bbox 399 3955 630 4037; x_wconf 73' lang='grc' dir='ltr'><strong><em>περικεχυμένον</em></strong></span> <span class='ocrx_word' id='word_1_346' title='bbox 642 3957 743 4037; x_wconf 74' lang='grc' dir='ltr'><strong><em>έχουσι</em></strong></span> <span class='ocrx_word' id='word_1_347' title='bbox 754 3954 808 4023; x_wconf 78' lang='lat' dir='ltr'><strong>cir</strong></span> <span class='ocrx_word' id='word_1_348' title='bbox 820 3950 942 4039; x_wconf 76' lang='grc' dir='ltr'><strong><em>χρυσόν.</em></strong></span> <span class='ocrx_word' id='word_1_349' title='bbox 985 3977 1003 4015; x_wconf 86' lang='lat' dir='ltr'><strong>a</strong></span> <span class='ocrx_word' id='word_1_350' title='bbox 1017 3958 1084 4037; x_wconf 72' lang='lat' dir='ltr'><strong>lopo</strong></span> <span class='ocrx_word' id='word_1_351' title='bbox 1099 3960 1190 4037; x_wconf 87' lang='lat' dir='ltr'><strong>igitur</strong></span> <span class='ocrx_word' id='word_1_352' title='bbox 1202 3962 1236 4017; x_wconf 88' lang='lat' dir='ltr'><strong>in</strong></span> <span class='ocrx_word' id='word_1_353' title='bbox 1251 3980 1315 4043; x_wconf 89' lang='lat' dir='ltr'><strong>quo</strong></span> 
     </span>
     <span class='ocr_line' id='line_1_44' title="bbox 215 4038 1315 4122; baseline 0.004 -21"><span class='ocrx_word' id='word_1_354' title='bbox 215 4040 395 4101; x_wconf 74' lang='lat' dir='ltr'><strong>consistebat</strong></span> <span class='ocrx_word' id='word_1_355' title='bbox 415 4038 611 4119; x_wconf 84' lang='lat' dir='ltr'><strong>synthronus,</strong></span> <span class='ocrx_word' id='word_1_356' title='bbox 649 4062 759 4122; x_wconf 85' lang='lat' dir='ltr'><strong>nempe</strong></span> <span class='ocrx_word' id='word_1_357' title='bbox 782 4040 910 4117; x_wconf 85' lang='lat' dir='ltr'><strong>concha,</strong></span> <span class='ocrx_word' id='word_1_358' title='bbox 940 4060 1033 4122; x_wconf 86' lang='lat' dir='ltr'><strong>quam</strong></span> <span class='ocrx_word' id='word_1_359' title='bbox 1058 4044 1148 4101; x_wconf 88' lang='lat' dir='ltr'><strong>etiam</strong></span> <span class='ocrx_word' id='word_1_360' title='bbox 1171 4042 1315 4105; x_wconf 82' lang='lat' dir='ltr'><strong>obsidam</strong></span> 
     </span>
     <span class='ocr_line' id='line_1_45' title="bbox 215 4126 1315 4210; baseline 0.009 -25"><span class='ocrx_word' id='word_1_361' title='bbox 215 4136 322 4186; x_wconf 81' lang='lat' dir='ltr'><strong>vocant</strong></span> <span class='ocrx_word' id='word_1_362' title='bbox 338 4129 495 4207; x_wconf 83' lang='lat' dir='ltr'><strong>scriptores</strong></span> <span class='ocrx_word' id='word_1_363' title='bbox 517 4128 632 4209; x_wconf 83' lang='lat' dir='ltr'><strong>aliquot</strong></span> <span class='ocrx_word' id='word_1_364' title='bbox 654 4128 773 4208; x_wconf 79' lang='lat' dir='ltr'><strong>Latini,</strong></span> <span class='ocrx_word' id='word_1_365' title='bbox 806 4130 871 4210; x_wconf 83' lang='lat' dir='ltr'><strong>ipsa</strong></span> <span class='ocrx_word' id='word_1_366' title='bbox 890 4126 1097 4189; x_wconf 67' lang='lat' dir='ltr'><strong>mnbuorum</strong></span> <span class='ocrx_word' id='word_1_367' title='bbox 1117 4128 1264 4193; x_wconf 73' lang='lat' dir='ltr'><strong>ecclesiam</strong></span> <span class='ocrx_word' id='word_1_368' title='bbox 1279 4136 1315 4195; x_wconf 89' lang='lat' dir='ltr'><strong>in</strong></span> 
     </span>
    </p>
   </div>
   <div class='ocr_carea' id='block_1_3' title="bbox 0 0 1400 4709">
    <p class='ocr_par' dir='ltr' id='par_1_6' title="bbox 0 0 1400 4709">
     <span class='ocr_line' id='line_1_46' title="bbox 0 0 1400 4709; baseline 0 0"><span class='ocrx_word' id='word_1_369' title='bbox 0 0 1400 4709; x_wconf 95' lang='lat' dir='ltr'><strong> </strong></span> 
     </span>
    </p>
   </div>
  </div>
 </body>
</html>
