<?xml version="1.0" encoding="UTF-8"?>
<!DOCTYPE html PUBLIC "-//W3C//DTD XHTML 1.0 Transitional//EN"
    "http://www.w3.org/TR/xhtml1/DTD/xhtml1-transitional.dtd">
<html xmlns="http://www.w3.org/1999/xhtml" xml:lang="en" lang="en">
 <head>
  <title>
</title>
<meta http-equiv="Content-Type" content="text/html;charset=utf-8" />
  <meta name='ocr-system' content='tesseract 3.04.00' />
  <meta name='ocr-capabilities' content='ocr_page ocr_carea ocr_par ocr_line ocrx_word'/>
</head>
<body>
  <div class='ocr_page' id='page_1' title='image "./corpusscriptoru71theogoog/corpusscriptoru71theogoog_0375.png"; bbox 0 0 2792 4709; ppageno 0'>
   <div class='ocr_carea' id='block_1_1' title="bbox 285 222 1148 297">
    <p class='ocr_par' dir='ltr' id='par_1_1' title="bbox 285 222 1148 297">
     <span class='ocr_line' id='line_1_1' title="bbox 285 222 1148 297; baseline 0.003 -5"><span class='ocrx_word' id='word_1_1' title='bbox 285 226 292 275; x_wconf 86' lang='lat'><strong>·&#39;</strong></span> <span class='ocrx_word' id='word_1_2' title='bbox 349 222 782 293; x_wconf 64' lang='lat' dir='ltr'><strong>montanorum</strong></span> <span class='ocrx_word' id='word_1_3' title='bbox 807 224 848 293; x_wconf 89' lang='lat'><strong>11.</strong></span> <span class='ocrx_word' id='word_1_4' title='bbox 1071 224 1148 297; x_wconf 73' lang='lat'><strong>:105</strong></span> 
     </span>
    </p>
   </div>
   <div class='ocr_carea' id='block_1_2' title="bbox 29 372 1149 1415">
    <p class='ocr_par' dir='ltr' id='par_1_2' title="bbox 29 372 1149 643">
     <span class='ocr_line' id='line_1_2' title="bbox 29 372 1149 471; baseline 0.004 -22"><span class='ocrx_word' id='word_1_5' title='bbox 29 385 202 469; x_wconf 70' lang='lat' dir='ltr'><strong>coniungit</strong></span> <span class='ocrx_word' id='word_1_6' title='bbox 217 388 455 469; x_wconf 82' lang='lat' dir='ltr'><strong>experientiam,</strong></span> <span class='ocrx_word' id='word_1_7' title='bbox 477 409 570 471; x_wconf 85' lang='lat' dir='ltr'><strong>aqua</strong></span> <span class='ocrx_word' id='word_1_8' title='bbox 581 372 750 451; x_wconf 80' lang='lat' dir='ltr'><strong>medicinae</strong></span> <span class='ocrx_word' id='word_1_9' title='bbox 765 392 850 469; x_wconf 86' lang='lat' dir='ltr'><strong>origo</strong></span> <span class='ocrx_word' id='word_1_10' title='bbox 865 400 897 451; x_wconf 86' lang='lat' dir='ltr'><strong>st</strong></span> <span class='ocrx_word' id='word_1_11' title='bbox 908 391 1071 471; x_wconf 81' lang='lat' dir='ltr'><strong>proiectus.</strong></span> <span class='ocrx_word' id='word_1_12' title='bbox 1113 408 1149 453; x_wconf 80' lang='lat' dir='ltr'><strong>ae</strong></span> 
     </span>
     <span class='ocr_line' id='line_1_3' title="bbox 29 474 1148 559; baseline 0.003 -24"><span class='ocrx_word' id='word_1_13' title='bbox 29 488 101 536; x_wconf 59' lang='lat' dir='ltr'><strong>tota</strong></span> <span class='ocrx_word' id='word_1_14' title='bbox 123 474 254 557; x_wconf 90' lang='lat' dir='ltr'><strong>quidem</strong></span> <span class='ocrx_word' id='word_1_15' title='bbox 273 475 424 535; x_wconf 87' lang='lat' dir='ltr'><strong>medicina</strong></span> <span class='ocrx_word' id='word_1_16' title='bbox 443 476 598 559; x_wconf 89' lang='lat' dir='ltr'><strong>quondam</strong></span> <span class='ocrx_word' id='word_1_17' title='bbox 618 496 678 537; x_wconf 88' lang='lat' dir='ltr'><strong>una</strong></span> <span class='ocrx_word' id='word_1_18' title='bbox 701 487 732 535; x_wconf 86' lang='lat' dir='ltr'><strong>et</strong></span> <span class='ocrx_word' id='word_1_19' title='bbox 751 477 883 557; x_wconf 77' lang='lat' dir='ltr'>simplex</span> <span class='ocrx_word' id='word_1_20' title='bbox 905 486 1032 554; x_wconf 86' lang='lat' dir='ltr'><strong>arserat,</strong></span> <span class='ocrx_word' id='word_1_21' title='bbox 1055 496 1148 559; x_wconf 85' lang='lat' dir='ltr'><strong>quam</strong></span> 
     </span>
     <span class='ocr_line' id='line_1_4' title="bbox 29 559 1146 643; baseline -0.001 -21"><span class='ocrx_word' id='word_1_22' title='bbox 29 573 148 643; x_wconf 88' lang='lat' dir='ltr'><strong>postea</strong></span> <span class='ocrx_word' id='word_1_23' title='bbox 157 563 197 619; x_wconf 83' lang='lat' dir='ltr'><strong>iu</strong></span> <span class='ocrx_word' id='word_1_24' title='bbox 208 562 312 642; x_wconf 85' lang='lat' dir='ltr'><strong>plures</strong></span> <span class='ocrx_word' id='word_1_25' title='bbox 325 559 506 638; x_wconf 81' lang='lat' dir='ltr'><strong>dirisamnt,</strong></span> <span class='ocrx_word' id='word_1_26' title='bbox 527 583 674 622; x_wconf 89' lang='lat' dir='ltr'><strong>manuum</strong></span> <span class='ocrx_word' id='word_1_27' title='bbox 688 564 855 621; x_wconf 88' lang='lat' dir='ltr'><strong>ministerio</strong></span> <span class='ocrx_word' id='word_1_28' title='bbox 873 563 940 623; x_wconf 87' lang='lat' dir='ltr'><strong>aliis</strong></span> <span class='ocrx_word' id='word_1_29' title='bbox 954 562 1146 623; x_wconf 82' lang='lat' dir='ltr'><strong>demandato.</strong></span> 
     </span>
    </p>

    <p class='ocr_par' dir='ltr' id='par_1_3' title="bbox 29 646 1149 1245">
     <span class='ocr_line' id='line_1_5' title="bbox 128 646 1148 735; baseline 0.001 -28"><span class='ocrx_word' id='word_1_30' title='bbox 128 650 204 713; x_wconf 80' lang='grc'><strong>198.</strong></span> <span class='ocrx_word' id='word_1_31' title='bbox 247 648 352 707; x_wconf 85' lang='lat' dir='ltr'><strong>confer</strong></span> <span class='ocrx_word' id='word_1_32' title='bbox 372 650 587 729; x_wconf 75' lang='lat' dir='ltr'><strong>Hippocratem</strong></span> <span class='ocrx_word' id='word_1_33' title='bbox 607 649 645 707; x_wconf 83' lang='lat' dir='ltr'><strong>de</strong></span> <span class='ocrx_word' id='word_1_34' title='bbox 661 646 826 721; x_wconf 81' lang='lat' dir='ltr'><strong>ulceribus,</strong></span> <span class='ocrx_word' id='word_1_35' title='bbox 836 649 957 729; x_wconf 88' lang='lat' dir='ltr'><strong>&#39;quibus</strong></span> <span class='ocrx_word' id='word_1_36' title='bbox 977 650 1069 735; x_wconf 86' lang='lat' dir='ltr'><strong>plane</strong></span> <span class='ocrx_word' id='word_1_37' title='bbox 1093 669 1148 708; x_wconf 88' lang='lat' dir='ltr'><strong>cu-</strong></span> 
     </span>
     <span class='ocr_line' id='line_1_6' title="bbox 29 730 1148 814; baseline 0.003 -21"><span class='ocrx_word' id='word_1_38' title='bbox 29 730 146 793; x_wconf 82' lang='lat' dir='ltr'><strong>randis</strong></span> <span class='ocrx_word' id='word_1_39' title='bbox 168 732 242 808; x_wconf 90' lang='lat' dir='ltr'><strong>tria,</strong></span> <span class='ocrx_word' id='word_1_40' title='bbox 265 750 343 814; x_wconf 88' lang='lat' dir='ltr'><strong>quae</strong></span> <span class='ocrx_word' id='word_1_41' title='bbox 366 754 408 793; x_wconf 82' lang='lat' dir='ltr'><strong>ex</strong></span> <span class='ocrx_word' id='word_1_42' title='bbox 426 730 534 793; x_wconf 89' lang='lat' dir='ltr'><strong>eodem</strong></span> <span class='ocrx_word' id='word_1_43' title='bbox 552 746 671 795; x_wconf 88' lang='lat' dir='ltr'><strong>auctore</strong></span> <span class='ocrx_word' id='word_1_44' title='bbox 688 732 802 793; x_wconf 90' lang='lat' dir='ltr'><strong>indicat</strong></span> <span class='ocrx_word' id='word_1_45' title='bbox 814 732 940 811; x_wconf 87' lang='lat' dir='ltr'><strong>Pisida,</strong></span> <span class='ocrx_word' id='word_1_46' title='bbox 961 734 1148 797; x_wconf 75' lang='lat' dir='ltr'>celebrantur</span> 
     </span>
     <span class='ocr_line' id='line_1_7' title="bbox 29 817 1149 901; baseline 0 -22"><span class='ocrx_word' id='word_1_47' title='bbox 29 840 50 879; x_wconf 85' lang='lat' dir='ltr'><strong>a</strong></span> <span class='ocrx_word' id='word_1_48' title='bbox 66 818 245 894; x_wconf 79' lang='lat' dir='ltr'><strong>veteribus,</strong></span> <span class='ocrx_word' id='word_1_49' title='bbox 267 817 408 879; x_wconf 82' lang='lat' dir='ltr'><strong>videlicet</strong></span> <span class='ocrx_word' id='word_1_50' title='bbox 423 821 562 901; x_wconf 79' lang='lat' dir='ltr'>purgatio</span> <span class='ocrx_word' id='word_1_51' title='bbox 580 820 672 880; x_wconf 87' lang='lat' dir='ltr'><strong>sectio</strong></span> <span class='ocrx_word' id='word_1_52' title='bbox 691 828 722 879; x_wconf 88' lang='lat' dir='ltr'><strong>et</strong></span> <span class='ocrx_word' id='word_1_53' title='bbox 741 822 829 880; x_wconf 84' lang='lat' dir='ltr'><strong>ustio.</strong></span> <span class='ocrx_word' id='word_1_54' title='bbox 873 822 900 879; x_wconf 91' lang='lat' dir='ltr'><strong>si</strong></span> <span class='ocrx_word' id='word_1_55' title='bbox 917 820 999 880; x_wconf 91' lang='lat' dir='ltr'><strong>enim</strong></span> <span class='ocrx_word' id='word_1_56' title='bbox 1015 818 1149 881; x_wconf 86' lang='lat' dir='ltr'><strong>remedia</strong></span> 
     </span>
     <span class='ocr_line' id='line_1_8' title="bbox 29 902 1148 1011; baseline 0.002 -48"><span class='ocrx_word' id='word_1_57' title='bbox 29 902 119 963; x_wconf 91' lang='lat' dir='ltr'><strong>nihil</strong></span> <span class='ocrx_word' id='word_1_58' title='bbox 139 902 335 985; x_wconf 85' lang='lat' dir='ltr'><strong>proficerent,</strong></span> <span class='ocrx_word' id='word_1_59' title='bbox 356 906 464 965; x_wconf 89' lang='lat' dir='ltr'><strong>ultima</strong></span> <span class='ocrx_word' id='word_1_60' title='bbox 481 925 550 986; x_wconf 87' lang='lat' dir='ltr'><strong>spes</strong></span> <span class='ocrx_word' id='word_1_61' title='bbox 566 909 599 965; x_wconf 91' lang='lat' dir='ltr'><strong>in</strong></span> <span class='ocrx_word' id='word_1_62' title='bbox 612 909 731 965; x_wconf 85' lang='lat' dir='ltr'><strong>ustione</strong></span> <span class='ocrx_word' id='word_1_63' title='bbox 746 907 845 1011; x_wconf 84' lang='lat' dir='ltr'><strong>posita</strong></span> <span class='ocrx_word' id='word_1_64' title='bbox 858 916 939 982; x_wconf 88' lang='lat' dir='ltr'><strong>erat,</strong></span> <span class='ocrx_word' id='word_1_65' title='bbox 963 914 996 965; x_wconf 93' lang='lat' dir='ltr'><strong>ut</strong></span> <span class='ocrx_word' id='word_1_66' title='bbox 1009 917 1092 987; x_wconf 88' lang='lat' dir='ltr'><strong>patet</strong></span> <span class='ocrx_word' id='word_1_67' title='bbox 1107 924 1148 965; x_wconf 85' lang='lat' dir='ltr'><strong>cx</strong></span> 
     </span>
     <span class='ocr_line' id='line_1_9' title="bbox 29 984 1110 1075; baseline 0.006 -26"><span class='ocrx_word' id='word_1_68' title='bbox 29 994 138 1071; x_wconf 88' lang='lat' dir='ltr'><strong>ipsius</strong></span> <span class='ocrx_word' id='word_1_69' title='bbox 160 992 351 1069; x_wconf 78' lang='lat' dir='ltr'><strong>Hippocratis</strong></span> <span class='ocrx_word' id='word_1_70' title='bbox 372 988 572 1071; x_wconf 84' lang='lat' dir='ltr'><strong>Aphcrismo:</strong></span> <span class='ocrx_word' id='word_1_71' title='bbox 596 987 692 1056; x_wconf 85' lang='grc' dir='ltr'><strong><em>διιάσα</em></strong></span> <span class='ocrx_word' id='word_1_72' title='bbox 711 1014 856 1075; x_wconf 80' lang='grc' dir='ltr'><strong><em>φαρμνιια</em></strong></span> <span class='ocrx_word' id='word_1_73' title='bbox 869 984 927 1057; x_wconf 88' lang='grc' dir='ltr'><strong><em>ονίι</em></strong></span> <span class='ocrx_word' id='word_1_74' title='bbox 940 990 1040 1072; x_wconf 74' lang='grc' dir='ltr'><strong><em>δῆσαι,</em></strong></span> <span class='ocrx_word' id='word_1_75' title='bbox 1062 990 1110 1057; x_wconf 77' lang='lat' dir='ltr'><strong>old</strong></span> 
     </span>
     <span class='ocr_line' id='line_1_10' title="bbox 29 1069 1149 1160; baseline 0 -21"><span class='ocrx_word' id='word_1_76' title='bbox 29 1100 93 1157; x_wconf 90' lang='grc' dir='ltr'><strong><em>ρος</em></strong></span> <span class='ocrx_word' id='word_1_77' title='bbox 117 1074 221 1157; x_wconf 64' lang='lat' dir='ltr'><strong>Irieus·</strong></span> <span class='ocrx_word' id='word_1_78' title='bbox 243 1069 301 1139; x_wconf 79' lang='grc' dir='ltr'><strong>ὅσα</strong></span> <span class='ocrx_word' id='word_1_79' title='bbox 324 1076 447 1159; x_wconf 74' lang='grc' dir='ltr'><strong><em>σίδηρος</em></strong></span> <span class='ocrx_word' id='word_1_80' title='bbox 470 1070 528 1141; x_wconf 85' lang='grc' dir='ltr'><strong>οοίι</strong></span> <span class='ocrx_word' id='word_1_81' title='bbox 550 1076 648 1158; x_wconf 69' lang='grc' dir='ltr'><strong><em>δῆσαι,</em></strong></span> <span class='ocrx_word' id='word_1_82' title='bbox 670 1080 735 1159; x_wconf 76' lang='grc' dir='ltr'><strong>πῦρ</strong></span> <span class='ocrx_word' id='word_1_83' title='bbox 756 1077 856 1159; x_wconf 71' lang='grc' dir='ltr'><strong><em>δῆσαι·</em></strong></span> <span class='ocrx_word' id='word_1_84' title='bbox 880 1070 938 1141; x_wconf 74' lang='grc' dir='ltr'><strong>ὅσα</strong></span> <span class='ocrx_word' id='word_1_85' title='bbox 965 1072 998 1141; x_wconf 72' lang='grc' dir='ltr'><strong>δὲ</strong></span> <span class='ocrx_word' id='word_1_86' title='bbox 1013 1080 1075 1160; x_wconf 84' lang='grc' dir='ltr'><strong>πῦρ</strong></span> <span class='ocrx_word' id='word_1_87' title='bbox 1090 1098 1149 1142; x_wconf 80' lang='grc' dir='ltr'><strong><em>ουκ</em></strong></span> 
     </span>
     <span class='ocr_line' id='line_1_11' title="bbox 30 1156 607 1245; baseline -0.003 -20"><span class='ocrx_word' id='word_1_88' title='bbox 30 1164 143 1245; x_wconf 62' lang='lat' dir='ltr'><strong>Irieus,</strong></span> <span class='ocrx_word' id='word_1_89' title='bbox 161 1165 255 1222; x_wconf 81' lang='grc' dir='ltr'><strong><em>ταῦτα</em></strong></span> <span class='ocrx_word' id='word_1_90' title='bbox 268 1164 330 1241; x_wconf 78' lang='grc' dir='ltr'><strong>χρῆ</strong></span> <span class='ocrx_word' id='word_1_91' title='bbox 339 1163 473 1242; x_wconf 75' lang='grc' dir='ltr'><strong><em>νομίζειν</em></strong></span> <span class='ocrx_word' id='word_1_92' title='bbox 489 1156 607 1241; x_wconf 65' lang='lat' dir='ltr'><strong>delata.</strong></span> 
     </span>
    </p>

    <p class='ocr_par' dir='ltr' id='par_1_4' title="bbox 33 1242 1148 1415">
     <span class='ocr_line' id='line_1_12' title="bbox 130 1242 1147 1329; baseline -0.006 -20"><span class='ocrx_word' id='word_1_93' title='bbox 130 1248 204 1311; x_wconf 78' lang='lat'><strong>198.</strong></span> <span class='ocrx_word' id='word_1_94' title='bbox 248 1244 438 1329; x_wconf 76' lang='grc' dir='ltr'><strong><em>φιλοβλαβής</em></strong></span> <span class='ocrx_word' id='word_1_95' title='bbox 459 1242 552 1321; x_wconf 85' lang='grc' dir='ltr'><strong><em>νδσος</em></strong></span> <span class='ocrx_word' id='word_1_96' title='bbox 579 1246 735 1306; x_wconf 80' lang='lat' dir='ltr'><strong>vertebam</strong></span> <span class='ocrx_word' id='word_1_97' title='bbox 761 1244 994 1305; x_wconf 73' lang='lat' dir='ltr'><em>inhumanitatis</em></span> <span class='ocrx_word' id='word_1_98' title='bbox 1012 1242 1147 1315; x_wconf 82' lang='lat' dir='ltr'><strong>morbus,</strong></span> 
     </span>
     <span class='ocr_line' id='line_1_13' title="bbox 33 1328 1148 1415; baseline -0.004 -23"><span class='ocrx_word' id='word_1_99' title='bbox 33 1352 103 1415; x_wconf 87' lang='lat' dir='ltr'><strong>quo</strong></span> <span class='ocrx_word' id='word_1_100' title='bbox 122 1332 261 1413; x_wconf 73' lang='lat' dir='ltr'><strong>maxima</strong></span> <span class='ocrx_word' id='word_1_101' title='bbox 279 1332 434 1391; x_wconf 77' lang='lat' dir='ltr'><strong>laborabat</strong></span> <span class='ocrx_word' id='word_1_102' title='bbox 454 1336 604 1392; x_wconf 85' lang='lat' dir='ltr'><strong>exercitus</strong></span> <span class='ocrx_word' id='word_1_103' title='bbox 621 1332 771 1391; x_wconf 80' lang='lat' dir='ltr'><strong>Heraclii:</strong></span> <span class='ocrx_word' id='word_1_104' title='bbox 793 1348 866 1389; x_wconf 87' lang='lat' dir='ltr'><strong>nam</strong></span> <span class='ocrx_word' id='word_1_105' title='bbox 876 1328 980 1390; x_wconf 86' lang='lat' dir='ltr'><strong>Phoca</strong></span> <span class='ocrx_word' id='word_1_106' title='bbox 992 1338 1148 1409; x_wconf 82' lang='lat' dir='ltr'><strong>regnante,</strong></span> 
     </span>
    </p>
   </div>
   <div class='ocr_carea' id='block_1_3' title="bbox 33 1412 1263 1501">
    <p class='ocr_par' dir='ltr' id='par_1_5' title="bbox 33 1412 1263 1501">
     <span class='ocr_line' id='line_1_14' title="bbox 33 1412 1263 1501; baseline -0.002 -24"><span class='ocrx_word' id='word_1_107' title='bbox 33 1422 97 1501; x_wconf 88' lang='lat' dir='ltr'><strong>qui</strong></span> <span class='ocrx_word' id='word_1_108' title='bbox 120 1414 193 1476; x_wconf 85' lang='lat' dir='ltr'><strong>odia</strong></span> <span class='ocrx_word' id='word_1_109' title='bbox 211 1427 241 1476; x_wconf 87' lang='lat' dir='ltr'><strong>et</strong></span> <span class='ocrx_word' id='word_1_110' title='bbox 264 1419 367 1478; x_wconf 84' lang='lat' dir='ltr'><strong>civiles</strong></span> <span class='ocrx_word' id='word_1_111' title='bbox 386 1416 587 1479; x_wconf 84' lang='lat' dir='ltr'><strong>dissensiones</strong></span> <span class='ocrx_word' id='word_1_112' title='bbox 604 1418 743 1491; x_wconf 81' lang='lat' dir='ltr'><strong>fovebat,</strong></span> <span class='ocrx_word' id='word_1_113' title='bbox 765 1436 826 1475; x_wconf 89' lang='lat' dir='ltr'><strong>una</strong></span> <span class='ocrx_word' id='word_1_114' title='bbox 841 1434 919 1497; x_wconf 86' lang='lat' dir='ltr'><strong>pene</strong></span> <span class='ocrx_word' id='word_1_115' title='bbox 933 1426 996 1475; x_wconf 84' lang='lat' dir='ltr'><strong>erat</strong></span> <span class='ocrx_word' id='word_1_116' title='bbox 1009 1416 1149 1475; x_wconf 83' lang='lat' dir='ltr'><strong>militaris</strong></span> <span class='ocrx_word' id='word_1_117' title='bbox 1197 1450 1203 1459; x_wconf 86' lang='lat'><strong>,</strong></span> <span class='ocrx_word' id='word_1_118' title='bbox 1260 1412 1263 1417; x_wconf 74' lang='grc'><strong>’</strong></span> 
     </span>
    </p>
   </div>
   <div class='ocr_carea' id='block_1_4' title="bbox 35 1499 1272 4329">
    <p class='ocr_par' dir='ltr' id='par_1_6' title="bbox 35 1499 1235 1931">
     <span class='ocr_line' id='line_1_15' title="bbox 36 1499 1149 1584; baseline -0.005 -20"><span class='ocrx_word' id='word_1_119' title='bbox 36 1504 206 1583; x_wconf 72' lang='lat' dir='ltr'><strong>disciplina</strong></span> <span class='ocrx_word' id='word_1_120' title='bbox 220 1500 258 1560; x_wconf 86' lang='lat' dir='ltr'><strong>dc</strong></span> <span class='ocrx_word' id='word_1_121' title='bbox 272 1502 449 1563; x_wconf 85' lang='lat' dir='ltr'><strong>exercendis</strong></span> <span class='ocrx_word' id='word_1_122' title='bbox 468 1500 610 1564; x_wconf 84' lang='lat' dir='ltr'><strong>caedibus</strong></span> <span class='ocrx_word' id='word_1_123' title='bbox 625 1514 655 1561; x_wconf 89' lang='lat' dir='ltr'><strong>et</strong></span> <span class='ocrx_word' id='word_1_124' title='bbox 668 1504 792 1582; x_wconf 87' lang='lat' dir='ltr'><strong>rapinis.</strong></span> <span class='ocrx_word' id='word_1_125' title='bbox 837 1499 1037 1584; x_wconf 75' lang='grc' dir='ltr'><strong><em>φιλοβλάβεια</em></strong></span> <span class='ocrx_word' id='word_1_126' title='bbox 1056 1502 1149 1580; x_wconf 85' lang='lat' dir='ltr'><strong>igitur</strong></span> 
     </span>
     <span class='ocr_line' id='line_1_16' title="bbox 35 1585 1147 1671; baseline -0.004 -21"><span class='ocrx_word' id='word_1_127' title='bbox 35 1602 88 1651; x_wconf 84' lang='lat' dir='ltr'><strong>est</strong></span> <span class='ocrx_word' id='word_1_128' title='bbox 109 1590 209 1649; x_wconf 74' lang='lat' dir='ltr'><strong>annui</strong></span> <span class='ocrx_word' id='word_1_129' title='bbox 226 1588 345 1666; x_wconf 86' lang='lat' dir='ltr'><strong>feritas,</strong></span> <span class='ocrx_word' id='word_1_130' title='bbox 367 1608 461 1671; x_wconf 86' lang='lat' dir='ltr'><strong>quam</strong></span> <span class='ocrx_word' id='word_1_131' title='bbox 483 1590 613 1649; x_wconf 86' lang='lat' dir='ltr'><strong>caritatis</strong></span> <span class='ocrx_word' id='word_1_132' title='bbox 631 1585 819 1649; x_wconf 71' lang='lat' dir='ltr'><strong>Christianae</strong></span> <span class='ocrx_word' id='word_1_133' title='bbox 838 1589 992 1667; x_wconf 81' lang='lat' dir='ltr'><strong>proposito</strong></span> <span class='ocrx_word' id='word_1_134' title='bbox 1004 1586 1147 1667; x_wconf 87' lang='lat' dir='ltr'><strong>exemplo</strong></span> 
     </span>
     <span class='ocr_line' id='line_1_17' title="bbox 37 1672 1149 1755; baseline -0.007 -17"><span class='ocrx_word' id='word_1_135' title='bbox 37 1673 161 1738; x_wconf 81' lang='lat' dir='ltr'><strong>studuit</strong></span> <span class='ocrx_word' id='word_1_136' title='bbox 178 1672 301 1734; x_wconf 87' lang='lat' dir='ltr'><strong>domare</strong></span> <span class='ocrx_word' id='word_1_137' title='bbox 321 1676 496 1752; x_wconf 85' lang='lat' dir='ltr'><strong>Heraclius,</strong></span> <span class='ocrx_word' id='word_1_138' title='bbox 517 1686 552 1735; x_wconf 87' lang='lat' dir='ltr'><strong>ut</strong></span> <span class='ocrx_word' id='word_1_139' title='bbox 564 1694 606 1733; x_wconf 83' lang='lat' dir='ltr'><strong>ex</strong></span> <span class='ocrx_word' id='word_1_140' title='bbox 618 1693 705 1755; x_wconf 86' lang='lat' dir='ltr'><strong>seqq.</strong></span> <span class='ocrx_word' id='word_1_141' title='bbox 718 1674 827 1734; x_wconf 87' lang='lat' dir='ltr'><strong>iambis</strong></span> <span class='ocrx_word' id='word_1_142' title='bbox 841 1672 875 1731; x_wconf 89' lang='lat' dir='ltr'><strong>fit</strong></span> <span class='ocrx_word' id='word_1_143' title='bbox 883 1672 1149 1749; x_wconf 60' lang='lat' dir='ltr'><strong>manifestumset</strong></span> 
     </span>
     <span class='ocr_line' id='line_1_18' title="bbox 37 1752 1149 1843; baseline 0 -22"><span class='ocrx_word' id='word_1_144' title='bbox 37 1782 84 1821; x_wconf 84' lang='lat' dir='ltr'><strong>ex</strong></span> <span class='ocrx_word' id='word_1_145' title='bbox 95 1758 307 1840; x_wconf 76' lang='lat' dir='ltr'><strong>Theophane,</strong></span> <span class='ocrx_word' id='word_1_146' title='bbox 328 1763 383 1843; x_wconf 88' lang='lat' dir='ltr'><strong>qui</strong></span> <span class='ocrx_word' id='word_1_147' title='bbox 390 1782 428 1840; x_wconf 86' lang='lat' dir='ltr'><strong>p.</strong></span> <span class='ocrx_word' id='word_1_148' title='bbox 445 1762 509 1826; x_wconf 80' lang='lat'><strong>255</strong></span> <span class='ocrx_word' id='word_1_149' title='bbox 521 1764 565 1821; x_wconf 87' lang='lat' dir='ltr'><strong>ita</strong></span> <span class='ocrx_word' id='word_1_150' title='bbox 579 1762 685 1840; x_wconf 84' lang='lat' dir='ltr'><strong>paucis</strong></span> <span class='ocrx_word' id='word_1_151' title='bbox 698 1780 765 1819; x_wconf 88' lang='lat' dir='ltr'><strong>ram</strong></span> <span class='ocrx_word' id='word_1_152' title='bbox 778 1757 928 1819; x_wconf 85' lang='lat' dir='ltr'><strong>declarat:</strong></span> <span class='ocrx_word' id='word_1_153' title='bbox 952 1752 1033 1825; x_wconf 70' lang='lat' dir='ltr'><strong>ciras</strong></span> <span class='ocrx_word' id='word_1_154' title='bbox 1047 1754 1080 1821; x_wconf 79' lang='lat' dir='ltr'><strong>ii</strong></span> <span class='ocrx_word' id='word_1_155' title='bbox 1092 1780 1149 1821; x_wconf 83' lang='lat' dir='ltr'><strong>asar·</strong></span> 
     </span>
     <span class='ocr_line' id='line_1_19' title="bbox 38 1838 1235 1931; baseline -0.002 -19"><span class='ocrx_word' id='word_1_156' title='bbox 38 1848 198 1921; x_wconf 62' lang='lat' dir='ltr'><strong>arsurae</strong></span> <span class='ocrx_word' id='word_1_157' title='bbox 210 1844 327 1922; x_wconf 85' lang='grc' dir='ltr'><strong><em>πάντας</em></strong></span> <span class='ocrx_word' id='word_1_158' title='bbox 339 1842 535 1931; x_wconf 71' lang='grc' dir='ltr'><strong><em>παρήγγειλεν</em></strong></span> <span class='ocrx_word' id='word_1_159' title='bbox 548 1840 669 1919; x_wconf 75' lang='grc' dir='ltr'><strong><em>άδικίας</em></strong></span> <span class='ocrx_word' id='word_1_160' title='bbox 680 1838 856 1926; x_wconf 58' lang='lat' dir='ltr'><strong>‹inherbet-</strong></span> <span class='ocrx_word' id='word_1_161' title='bbox 1229 1904 1235 1910; x_wconf 94' lang='lat'><em>.</em></span> 
     </span>
    </p>

    <p class='ocr_par' dir='ltr' id='par_1_7' title="bbox 38 1925 1150 2357">
     <span class='ocr_line' id='line_1_20' title="bbox 129 1925 1147 2015; baseline -0.015 -16"><span class='ocrx_word' id='word_1_162' title='bbox 129 1934 204 1999; x_wconf 76' lang='lat'><strong>208·</strong></span> <span class='ocrx_word' id='word_1_163' title='bbox 224 1952 324 2015; x_wconf 72' lang='lat' dir='ltr'><strong>‘quos</strong></span> <span class='ocrx_word' id='word_1_164' title='bbox 344 1953 385 1992; x_wconf 85' lang='lat' dir='ltr'><strong>ex</strong></span> <span class='ocrx_word' id='word_1_165' title='bbox 406 1934 539 2014; x_wconf 76' lang='lat' dir='ltr'><strong>equestri</strong></span> <span class='ocrx_word' id='word_1_166' title='bbox 555 1932 664 1991; x_wconf 87' lang='lat' dir='ltr'><strong>militia</strong></span> <span class='ocrx_word' id='word_1_167' title='bbox 684 1929 725 1991; x_wconf 84' lang='lat' dir='ltr'><strong>ad</strong></span> <span class='ocrx_word' id='word_1_168' title='bbox 744 1925 951 2012; x_wconf 88' lang='lat' dir='ltr'><strong>pabulandum</strong></span> <span class='ocrx_word' id='word_1_169' title='bbox 971 1928 1022 2007; x_wconf 78' lang='lat' dir='ltr'><strong>vol</strong></span> <span class='ocrx_word' id='word_1_170' title='bbox 1037 1925 1077 1985; x_wconf 93' lang='lat' dir='ltr'><strong>ad</strong></span> <span class='ocrx_word' id='word_1_171' title='bbox 1091 1944 1147 1985; x_wconf 87' lang='lat' dir='ltr'><strong>ex-</strong></span> 
     </span>
     <span class='ocr_line' id='line_1_21' title="bbox 38 2009 1150 2099; baseline -0.003 -22"><span class='ocrx_word' id='word_1_172' title='bbox 38 2015 228 2099; x_wconf 86' lang='lat' dir='ltr'><strong>plorandum</strong></span> <span class='ocrx_word' id='word_1_173' title='bbox 255 2019 412 2079; x_wconf 79' lang='lat' dir='ltr'><strong>Heracliae</strong></span> <span class='ocrx_word' id='word_1_174' title='bbox 440 2020 653 2099; x_wconf 75' lang='lat' dir='ltr'><strong>praemiserat,</strong></span> <span class='ocrx_word' id='word_1_175' title='bbox 682 2036 735 2077; x_wconf 90' lang='lat' dir='ltr'><strong>eos</strong></span> <span class='ocrx_word' id='word_1_176' title='bbox 761 2026 909 2096; x_wconf 85' lang='lat' dir='ltr'><strong>tanquam</strong></span> <span class='ocrx_word' id='word_1_177' title='bbox 928 2022 1084 2073; x_wconf 75' lang='lat' dir='ltr'><strong>venatores</strong></span> <span class='ocrx_word' id='word_1_178' title='bbox 1106 2009 1150 2091; x_wconf 79' lang='grc' dir='ltr'><strong>εἰς</strong></span> 
     </span>
     <span class='ocr_line' id='line_1_22' title="bbox 41 2098 1149 2270; baseline -0.007 -19"><span class='ocrx_word' id='word_1_179' title='bbox 41 2098 1149 2270; x_wconf 44' lang='lat' dir='ltr'><strong>{immisidia-‘ii&#39;i‘imitffid⁰iui¹i⁸fssif⁰5iiii¹ifiid3</strong></span> 
     </span>
     <span class='ocr_line' id='line_1_23' title="bbox 42 2209 737 2357; baseline -0.012 -18"><span class='ocrx_word' id='word_1_180' title='bbox 42 2296 120 2339; x_wconf 76' lang='lat' dir='ltr'><strong>roca</strong></span> <span class='ocrx_word' id='word_1_181' title='bbox 134 2286 166 2335; x_wconf 89' lang='lat' dir='ltr'><strong>et</strong></span> <span class='ocrx_word' id='word_1_182' title='bbox 179 2209 424 2357; x_wconf 62' lang='lat' dir='ltr'><strong>cul’tuqoorporisq,</strong></span> <span class='ocrx_word' id='word_1_183' title='bbox 444 2277 526 2335; x_wconf 85' lang='lat' dir='ltr'><strong>feras</strong></span> <span class='ocrx_word' id='word_1_184' title='bbox 540 2210 682 2355; x_wconf 63' lang='lat' dir='ltr'><strong>appbbllat.</strong></span> <span class='ocrx_word' id='word_1_185' title='bbox 728 2232 737 2265; x_wconf 64' lang='grc'><strong><em>’</em></strong></span> 
     </span>
    </p>

    <p class='ocr_par' dir='ltr' id='par_1_8' title="bbox 41 2348 1151 2872">
     <span class='ocr_line' id='line_1_24' title="bbox 131 2348 1150 2445; baseline -0.015 -20"><span class='ocrx_word' id='word_1_186' title='bbox 131 2358 208 2426; x_wconf 76' lang='lat'><strong>214.</strong></span> <span class='ocrx_word' id='word_1_187' title='bbox 248 2354 364 2445; x_wconf 73' lang='grc' dir='ltr'><strong><em>ἥμερον</em></strong></span> <span class='ocrx_word' id='word_1_188' title='bbox 384 2381 438 2441; x_wconf 89' lang='lat' dir='ltr'><strong>pro</strong></span> <span class='ocrx_word' id='word_1_189' title='bbox 459 2354 614 2442; x_wconf 69' lang='grc' dir='ltr'><strong><em>ἦμεράιης.</em></strong></span> <span class='ocrx_word' id='word_1_190' title='bbox 656 2377 722 2417; x_wconf 88' lang='lat' dir='ltr'><strong>rem</strong></span> <span class='ocrx_word' id='word_1_191' title='bbox 741 2357 888 2430; x_wconf 85' lang='lat' dir='ltr'><strong>breviter,</strong></span> <span class='ocrx_word' id='word_1_192' title='bbox 907 2348 962 2414; x_wconf 87' lang='lat' dir='ltr'><strong>sed</strong></span> <span class='ocrx_word' id='word_1_193' title='bbox 983 2354 1084 2414; x_wconf 89' lang='lat' dir='ltr'><strong>minus</strong></span> <span class='ocrx_word' id='word_1_194' title='bbox 1101 2350 1150 2411; x_wconf 90' lang='lat' dir='ltr'><strong>di-</strong></span> 
     </span>
     <span class='ocr_line' id='line_1_25' title="bbox 43 2432 1150 2527; baseline -0.008 -20"><span class='ocrx_word' id='word_1_195' title='bbox 43 2448 155 2511; x_wconf 84' lang='lat' dir='ltr'><strong>stincte</strong></span> <span class='ocrx_word' id='word_1_196' title='bbox 174 2448 219 2507; x_wconf 89' lang='lat' dir='ltr'><strong>sic</strong></span> <span class='ocrx_word' id='word_1_197' title='bbox 233 2459 337 2507; x_wconf 84' lang='lat' dir='ltr'><strong>narrat</strong></span> <span class='ocrx_word' id='word_1_198' title='bbox 350 2444 557 2527; x_wconf 83' lang='lat' dir='ltr'><strong>Theophanes</strong></span> <span class='ocrx_word' id='word_1_199' title='bbox 568 2466 606 2524; x_wconf 77' lang='lat' dir='ltr'><strong>p.</strong></span> <span class='ocrx_word' id='word_1_200' title='bbox 624 2444 707 2511; x_wconf 78' lang='lat'><strong>255:</strong></span> <span class='ocrx_word' id='word_1_201' title='bbox 728 2438 891 2525; x_wconf 78' lang='grc' dir='ltr'><strong><em>γενδμινος</em></strong></span> <span class='ocrx_word' id='word_1_202' title='bbox 904 2434 938 2503; x_wconf 74' lang='grc' dir='ltr'><strong>δὲ</strong></span> <span class='ocrx_word' id='word_1_203' title='bbox 949 2436 1001 2503; x_wconf 76' lang='grc' dir='ltr'><strong>ἐπὶ</strong></span> <span class='ocrx_word' id='word_1_204' title='bbox 1012 2432 1050 2501; x_wconf 78' lang='grc' dir='ltr'><strong>τά</strong></span> <span class='ocrx_word' id='word_1_205' title='bbox 1064 2434 1150 2522; x_wconf 69' lang='grc' dir='ltr'><strong><em>μέρη,</em></strong></span> 
     </span>
     <span class='ocr_line' id='line_1_26' title="bbox 41 2524 1151 2615; baseline -0.014 -15"><span class='ocrx_word' id='word_1_206' title='bbox 41 2530 212 2615; x_wconf 70' lang='grc' dir='ltr'><strong><em>προιρδχον</em></strong></span> <span class='ocrx_word' id='word_1_207' title='bbox 230 2537 353 2613; x_wconf 71' lang='grc' dir='ltr'><strong><em>πλῆθος</em></strong></span> <span class='ocrx_word' id='word_1_208' title='bbox 370 2532 487 2597; x_wconf 72' lang='grc' dir='ltr'><strong><em>ἱππέων</em></strong></span> <span class='ocrx_word' id='word_1_209' title='bbox 509 2524 611 2612; x_wconf 74' lang='grc' dir='ltr'><strong><em>λάθρα</em></strong></span> <span class='ocrx_word' id='word_1_210' title='bbox 631 2528 786 2593; x_wconf 73' lang='grc' dir='ltr'><strong><em>ἐπιπεσεῖν</em></strong></span> <span class='ocrx_word' id='word_1_211' title='bbox 805 2527 847 2611; x_wconf 72' lang='grc' dir='ltr'><strong>τῷ</strong></span> <span class='ocrx_word' id='word_1_212' title='bbox 865 2526 984 2606; x_wconf 78' lang='grc' dir='ltr'><strong><em>βασιλεῖ</em></strong></span> <span class='ocrx_word' id='word_1_213' title='bbox 994 2524 1151 2587; x_wconf 81' lang='grc' dir='ltr'><strong><em>διενοεῖτο.</em></strong></span> 
     </span>
     <span class='ocr_line' id='line_1_27' title="bbox 46 2600 1151 2727; baseline -0.012 -44"><span class='ocrx_word' id='word_1_214' title='bbox 46 2618 82 2683; x_wconf 76' lang='grc' dir='ltr'><strong><em>οἱ</em></strong></span> <span class='ocrx_word' id='word_1_215' title='bbox 98 2616 134 2682; x_wconf 80' lang='lat' dir='ltr'><strong>di</strong></span> <span class='ocrx_word' id='word_1_216' title='bbox 153 2618 365 2727; x_wconf 61' lang='lat' dir='ltr'><strong>aporpiyovrer</strong></span> <span class='ocrx_word' id='word_1_217' title='bbox 384 2622 442 2682; x_wconf 78' lang='grc' dir='ltr'><strong><em>τοῦ</em></strong></span> <span class='ocrx_word' id='word_1_218' title='bbox 466 2615 612 2700; x_wconf 73' lang='grc' dir='ltr'><strong><em>βασιλέως</em></strong></span> <span class='ocrx_word' id='word_1_219' title='bbox 637 2607 758 2689; x_wconf 64' lang='lat' dir='ltr'><strong>sciscat</strong></span> <span class='ocrx_word' id='word_1_220' title='bbox 782 2604 1021 2691; x_wconf 75' lang='grc' dir='ltr'><strong><em>σννανιήσανιις</em></strong></span> <span class='ocrx_word' id='word_1_221' title='bbox 1043 2600 1099 2673; x_wconf 84' lang='grc' dir='ltr'><strong>τάν</strong></span> <span class='ocrx_word' id='word_1_222' title='bbox 1118 2628 1151 2682; x_wconf 72' lang='grc' dir='ltr'><strong>τι</strong></span> 
     </span>
     <span class='ocr_line' id='line_1_28' title="bbox 45 2686 1151 2791; baseline -0.011 -22"><span class='ocrx_word' id='word_1_223' title='bbox 45 2702 215 2787; x_wconf 61' lang='lat' dir='ltr'><strong>amayae</strong></span> <span class='ocrx_word' id='word_1_224' title='bbox 232 2708 336 2768; x_wconf 84' lang='grc' dir='ltr'><strong><em>ανιοῖν</em></strong></span> <span class='ocrx_word' id='word_1_225' title='bbox 348 2698 505 2786; x_wconf 79' lang='grc' dir='ltr'><strong><em>δισμάιην</em></strong></span> <span class='ocrx_word' id='word_1_226' title='bbox 518 2698 635 2785; x_wconf 72' lang='grc' dir='ltr'><strong><em>ἤγαγον</em></strong></span> <span class='ocrx_word' id='word_1_227' title='bbox 648 2695 723 2787; x_wconf 89' lang='grc' dir='ltr'><strong><em>πρδς</em></strong></span> <span class='ocrx_word' id='word_1_228' title='bbox 737 2692 792 2764; x_wconf 84' lang='grc' dir='ltr'><strong>τάν</strong></span> <span class='ocrx_word' id='word_1_229' title='bbox 806 2690 982 2781; x_wconf 68' lang='grc' dir='ltr'><strong><em>Ἡράνλριον</em></strong></span> <span class='ocrx_word' id='word_1_230' title='bbox 992 2690 1055 2791; x_wconf 30' lang='lat' dir='ltr'><strong>&#39;aab</strong></span> <span class='ocrx_word' id='word_1_231' title='bbox 1076 2686 1151 2758; x_wconf 80' lang='lat' dir='ltr'><strong>sori-</strong></span> 
     </span>
     <span class='ocr_line' id='line_1_29' title="bbox 44 2782 1117 2872; baseline -0.006 -19"><span class='ocrx_word' id='word_1_232' title='bbox 44 2813 120 2866; x_wconf 79' lang='grc' dir='ltr'><strong><em>τονς</em></strong></span> <span class='ocrx_word' id='word_1_233' title='bbox 133 2784 319 2872; x_wconf 79' lang='grc' dir='ltr'><strong><em>τρεψάμενοι</em></strong></span> <span class='ocrx_word' id='word_1_234' title='bbox 333 2785 465 2864; x_wconf 65' lang='lat' dir='ltr'><strong>noticia</strong></span> <span class='ocrx_word' id='word_1_235' title='bbox 480 2782 611 2853; x_wconf 79' lang='grc' dir='ltr'><strong><em>άνεῖλον.</em></strong></span> <span class='ocrx_word' id='word_1_236' title='bbox 1109 2816 1117 2833; x_wconf 77' lang='lat'>=</span> 
     </span>
    </p>

    <p class='ocr_par' dir='ltr' id='par_1_9' title="bbox 45 2864 1272 4329">
     <span class='ocr_line' id='line_1_30' title="bbox 133 2864 1272 2941; baseline -0.018 -2"><span class='ocrx_word' id='word_1_237' title='bbox 133 2878 207 2941; x_wconf 77' lang='lat'><strong>218.</strong></span> <span class='ocrx_word' id='word_1_238' title='bbox 249 2878 393 2939; x_wconf 85' lang='lat' dir='ltr'><strong>Saraceni</strong></span> <span class='ocrx_word' id='word_1_239' title='bbox 410 2876 461 2937; x_wconf 81' lang='lat' dir='ltr'><strong>vel</strong></span> <span class='ocrx_word' id='word_1_240' title='bbox 480 2875 594 2935; x_wconf 77' lang='lat' dir='ltr'><strong>Arabes</strong></span> <span class='ocrx_word' id='word_1_241' title='bbox 617 2870 757 2932; x_wconf 84' lang='lat' dir='ltr'><strong>Scenitae</strong></span> <span class='ocrx_word' id='word_1_242' title='bbox 776 2868 881 2927; x_wconf 89' lang='lat' dir='ltr'><strong>multis</strong></span> <span class='ocrx_word' id='word_1_243' title='bbox 895 2868 958 2927; x_wconf 89' lang='lat' dir='ltr'><strong>iam</strong></span> <span class='ocrx_word' id='word_1_244' title='bbox 970 2870 1039 2923; x_wconf 86' lang='lat' dir='ltr'><strong>ante</strong></span> <span class='ocrx_word' id='word_1_245' title='bbox 1052 2864 1151 2921; x_wconf 86' lang='lat' dir='ltr'><strong>Hera-</strong></span> <span class='ocrx_word' id='word_1_246' title='bbox 1266 2902 1272 2910; x_wconf 78' lang='grc'><strong>-</strong></span> 
     </span>
     <span class='ocr_line' id='line_1_31' title="bbox 47 2949 1151 3040; baseline -0.014 -21"><span class='ocrx_word' id='word_1_247' title='bbox 47 2960 144 3019; x_wconf 87' lang='lat' dir='ltr'><strong>olium</strong></span> <span class='ocrx_word' id='word_1_248' title='bbox 165 2963 252 3021; x_wconf 88' lang='lat' dir='ltr'><strong>annis</strong></span> <span class='ocrx_word' id='word_1_249' title='bbox 270 2964 458 3023; x_wconf 85' lang='lat' dir='ltr'><strong>innotescere</strong></span> <span class='ocrx_word' id='word_1_250' title='bbox 479 2969 652 3040; x_wconf 86' lang='lat' dir='ltr'><strong>coeperant,</strong></span> <span class='ocrx_word' id='word_1_251' title='bbox 674 2954 730 3017; x_wconf 88' lang='lat' dir='ltr'><strong>sed</strong></span> <span class='ocrx_word' id='word_1_252' title='bbox 751 2974 820 3015; x_wconf 88' lang='lat' dir='ltr'><strong>cum</strong></span> <span class='ocrx_word' id='word_1_253' title='bbox 834 2954 911 3011; x_wconf 79' lang='lat' dir='ltr'><strong>circi</strong></span> <span class='ocrx_word' id='word_1_254' title='bbox 925 2949 1001 3009; x_wconf 89' lang='lat' dir='ltr'><strong>haec</strong></span> <span class='ocrx_word' id='word_1_255' title='bbox 1014 2958 1151 3027; x_wconf 88' lang='lat' dir='ltr'><strong>tempora</strong></span> 
     </span>
     <span class='ocr_line' id='line_1_32' title="bbox 45 3030 1151 3126; baseline -0.016 -19"><span class='ocrx_word' id='word_1_256' title='bbox 45 3049 149 3125; x_wconf 85' lang='lat' dir='ltr'><strong>magis</strong></span> <span class='ocrx_word' id='word_1_257' title='bbox 166 3046 377 3126; x_wconf 84' lang='lat' dir='ltr'><strong>inclaruerint,</strong></span> <span class='ocrx_word' id='word_1_258' title='bbox 406 3045 480 3106; x_wconf 89' lang='lat' dir='ltr'><strong>hino</strong></span> <span class='ocrx_word' id='word_1_259' title='bbox 500 3048 607 3125; x_wconf 88' lang='lat' dir='ltr'><strong>opinor</strong></span> <span class='ocrx_word' id='word_1_260' title='bbox 625 3044 741 3101; x_wconf 75' lang='lat' dir='ltr'><strong>facttum</strong></span> <span class='ocrx_word' id='word_1_261' title='bbox 762 3051 797 3099; x_wconf 90' lang='lat' dir='ltr'><strong>ut</strong></span> <span class='ocrx_word' id='word_1_262' title='bbox 817 3034 952 3097; x_wconf 87' lang='lat' dir='ltr'><strong>historici</strong></span> <span class='ocrx_word' id='word_1_263' title='bbox 972 3030 1151 3094; x_wconf 83' lang='lat' dir='ltr'><strong>tradiderint</strong></span> 
     </span>
     <span class='ocr_line' id='line_1_33' title="bbox 47 3118 1150 3213; baseline -0.015 -23"><span class='ocrx_word' id='word_1_264' title='bbox 47 3152 104 3191; x_wconf 89' lang='lat' dir='ltr'><strong>eos</strong></span> <span class='ocrx_word' id='word_1_265' title='bbox 124 3130 256 3192; x_wconf 83' lang='lat' dir='ltr'><strong>Heraclii</strong></span> <span class='ocrx_word' id='word_1_266' title='bbox 278 3137 412 3197; x_wconf 78' lang='lat' dir='ltr'><strong>auuo12</strong></span> <span class='ocrx_word' id='word_1_267' title='bbox 431 3130 565 3213; x_wconf 83' lang='lat' dir='ltr'><strong>prir&#39;uum</strong></span> <span class='ocrx_word' id='word_1_268' title='bbox 578 3148 619 3188; x_wconf 88' lang='lat' dir='ltr'><strong>ex</strong></span> <span class='ocrx_word' id='word_1_269' title='bbox 631 3127 744 3188; x_wconf 81' lang='lat' dir='ltr'><strong>Arabia</strong></span> <span class='ocrx_word' id='word_1_270' title='bbox 755 3126 788 3183; x_wconf 91' lang='lat' dir='ltr'><strong>in</strong></span> <span class='ocrx_word' id='word_1_271' title='bbox 801 3126 1006 3202; x_wconf 83' lang='lat' dir='ltr'><strong>Romanorum</strong></span> <span class='ocrx_word' id='word_1_272' title='bbox 1020 3118 1150 3177; x_wconf 83' lang='lat' dir='ltr'><strong>exitium</strong></span> 
     </span>
     <span class='ocr_line' id='line_1_34' title="bbox 47 3202 1147 3301; baseline -0.017 -22"><span class='ocrx_word' id='word_1_273' title='bbox 47 3219 193 3297; x_wconf 84' lang='lat' dir='ltr'><strong>erupisse.</strong></span> <span class='ocrx_word' id='word_1_274' title='bbox 236 3218 386 3301; x_wconf 74' lang='grc' dir='ltr'><strong><em>ἐξῆλθον,</em></strong></span> <span class='ocrx_word' id='word_1_275' title='bbox 411 3221 453 3277; x_wconf 89' lang='lat' dir='ltr'><strong>ait</strong></span> <span class='ocrx_word' id='word_1_276' title='bbox 475 3214 687 3278; x_wconf 80' lang='lat' dir='ltr'><strong>Constantinus</strong></span> <span class='ocrx_word' id='word_1_277' title='bbox 710 3207 899 3291; x_wconf 82' lang='lat' dir='ltr'><strong>Porphyrog.</strong></span> <span class='ocrx_word' id='word_1_278' title='bbox 920 3206 957 3265; x_wconf 77' lang='lat' dir='ltr'><strong>ds</strong></span> <span class='ocrx_word' id='word_1_279' title='bbox 977 3202 1147 3264; x_wconf 77' lang='lat' dir='ltr'><strong>administr.</strong></span> 
     </span>
     <span class='ocr_line' id='line_1_35' title="bbox 48 3288 1153 3435; baseline -0.02 -63"><span class='ocrx_word' id='word_1_280' title='bbox 48 3306 126 3383; x_wconf 76' lang='lat' dir='ltr'><strong>imp·</strong></span> <span class='ocrx_word' id='word_1_281' title='bbox 148 3306 263 3384; x_wconf 69' lang='lat' dir='ltr'><strong>part-2</strong></span> <span class='ocrx_word' id='word_1_282' title='bbox 286 3325 312 3364; x_wconf 88' lang='lat' dir='ltr'><strong>c.</strong></span> <span class='ocrx_word' id='word_1_283' title='bbox 330 3306 386 3380; x_wconf 88' lang='lat'><strong>16,</strong></span> <span class='ocrx_word' id='word_1_284' title='bbox 411 3304 444 3367; x_wconf 80' lang='grc' dir='ltr'><strong><em>οἱ</em></strong></span> <span class='ocrx_word' id='word_1_285' title='bbox 462 3298 641 3383; x_wconf 81' lang='grc' dir='ltr'><strong><em>Σαραιιηνοδ</em></strong></span> <span class='ocrx_word' id='word_1_286' title='bbox 659 3296 733 3380; x_wconf 65' lang='grc' dir='ltr'><strong>μηνὶ</strong></span> <span class='ocrx_word' id='word_1_287' title='bbox 753 3290 948 3377; x_wconf 75' lang='grc' dir='ltr'><strong><em>Σεπτεμβράῳ</em></strong></span> <span class='ocrx_word' id='word_1_288' title='bbox 969 3292 1052 3435; x_wconf 75' lang='lat' dir='ltr'><strong>rplrp</strong></span> <span class='ocrx_word' id='word_1_289' title='bbox 1075 3288 1153 3390; x_wconf 70' lang='grc' dir='ltr'><strong><em>δνδι·</em></strong></span> 
     </span>
     <span class='ocr_line' id='line_1_36' title="bbox 48 3378 1153 3473; baseline -0.016 -20"><span class='ocrx_word' id='word_1_290' title='bbox 48 3392 177 3467; x_wconf 80' lang='grc' dir='ltr'><strong><em>ιιτιῶνος</em></strong></span> <span class='ocrx_word' id='word_1_291' title='bbox 188 3384 315 3473; x_wconf 75' lang='grc' dir='ltr'><strong><em>δεκάτης</em></strong></span> <span class='ocrx_word' id='word_1_292' title='bbox 328 3388 373 3464; x_wconf 70' lang='grc' dir='ltr'><strong>εἷς</strong></span> <span class='ocrx_word' id='word_1_293' title='bbox 383 3385 418 3452; x_wconf 78' lang='grc' dir='ltr'><strong>ιδ</strong></span> <span class='ocrx_word' id='word_1_294' title='bbox 432 3386 602 3452; x_wconf 75' lang='grc' dir='ltr'><strong><em>δωδέκατον</em></strong></span> <span class='ocrx_word' id='word_1_295' title='bbox 617 3384 680 3458; x_wconf 66' lang='grc' dir='ltr'><strong>ἕως</strong></span> <span class='ocrx_word' id='word_1_296' title='bbox 690 3382 876 3465; x_wconf 60' lang='grc' dir='ltr'><strong><em>Ἡρακλείου.</em></strong></span> <span class='ocrx_word' id='word_1_297' title='bbox 918 3389 949 3437; x_wconf 87' lang='lat' dir='ltr'><strong>at</strong></span> <span class='ocrx_word' id='word_1_298' title='bbox 963 3378 1027 3436; x_wconf 88' lang='lat' dir='ltr'><strong>Pisi</strong></span> <span class='ocrx_word' id='word_1_299' title='bbox 1049 3382 1153 3435; x_wconf 81' lang='lat' dir='ltr'><strong>asatrs</strong></span> 
     </span>
     <span class='ocr_line' id='line_1_37' title="bbox 47 3462 1152 3557; baseline -0.014 -24"><span class='ocrx_word' id='word_1_300' title='bbox 47 3476 206 3557; x_wconf 88' lang='lat' dir='ltr'><strong>perspicue</strong></span> <span class='ocrx_word' id='word_1_301' title='bbox 217 3495 274 3535; x_wconf 93' lang='lat' dir='ltr'><strong>nos</strong></span> <span class='ocrx_word' id='word_1_302' title='bbox 286 3474 391 3537; x_wconf 86' lang='lat' dir='ltr'><strong>edocet</strong></span> <span class='ocrx_word' id='word_1_303' title='bbox 404 3473 521 3535; x_wconf 90' lang='lat' dir='ltr'><strong>iamdiu</strong></span> <span class='ocrx_word' id='word_1_304' title='bbox 534 3494 551 3533; x_wconf 89' lang='lat' dir='ltr'><strong>e</strong></span> <span class='ocrx_word' id='word_1_305' title='bbox 562 3474 624 3532; x_wconf 88' lang='lat' dir='ltr'><strong>suis</strong></span> <span class='ocrx_word' id='word_1_306' title='bbox 637 3469 747 3529; x_wconf 84' lang='lat' dir='ltr'><strong>fimbus</strong></span> <span class='ocrx_word' id='word_1_307' title='bbox 762 3482 897 3549; x_wconf 71' lang='lat' dir='ltr'><strong>egressop</strong></span> <span class='ocrx_word' id='word_1_308' title='bbox 909 3466 1075 3524; x_wconf 86' lang='lat' dir='ltr'><strong>Saracenos</strong></span> <span class='ocrx_word' id='word_1_309' title='bbox 1087 3462 1152 3519; x_wconf 85' lang='lat' dir='ltr'><strong>Ro-</strong></span> 
     </span>
     <span class='ocr_line' id='line_1_38' title="bbox 49 3540 1153 3639; baseline -0.014 -20"><span class='ocrx_word' id='word_1_310' title='bbox 49 3562 150 3620; x_wconf 88' lang='lat' dir='ltr'><strong>manis</strong></span> <span class='ocrx_word' id='word_1_311' title='bbox 170 3561 265 3621; x_wconf 87' lang='lat' dir='ltr'><strong>fuisse</strong></span> <span class='ocrx_word' id='word_1_312' title='bbox 288 3560 479 3625; x_wconf 85' lang='lat' dir='ltr'><strong>detrimento.</strong></span> <span class='ocrx_word' id='word_1_313' title='bbox 521 3576 619 3639; x_wconf 89' lang='lat' dir='ltr'><strong>nuper</strong></span> <span class='ocrx_word' id='word_1_314' title='bbox 640 3558 723 3615; x_wconf 90' lang='lat' dir='ltr'><strong>enim</strong></span> <span class='ocrx_word' id='word_1_315' title='bbox 744 3550 916 3613; x_wconf 83' lang='lat' dir='ltr'><strong>audivimus</strong></span> <span class='ocrx_word' id='word_1_316' title='bbox 933 3548 1082 3607; x_wconf 85' lang='lat' dir='ltr'><strong>dicentem</strong></span> <span class='ocrx_word' id='word_1_317' title='bbox 1098 3540 1153 3607; x_wconf 77' lang='lat' dir='ltr'><strong>seul</strong></span> 
     </span>
     <span class='ocr_line' id='line_1_39' title="bbox 49 3626 1154 3731; baseline -0.022 -20"><span class='ocrx_word' id='word_1_318' title='bbox 49 3643 196 3722; x_wconf 72' lang='grc' dir='ltr'><strong><em>πολλάκις</em></strong></span> <span class='ocrx_word' id='word_1_319' title='bbox 209 3640 371 3729; x_wconf 73' lang='grc' dir='ltr'><strong><em>βλάψαντα</em></strong></span> <span class='ocrx_word' id='word_1_320' title='bbox 383 3642 439 3727; x_wconf 83' lang='grc' dir='ltr'><strong>τὴν</strong></span> <span class='ocrx_word' id='word_1_321' title='bbox 453 3645 625 3726; x_wconf 65' lang='lat' dir='ltr'><strong>nepotulus.</strong></span> <span class='ocrx_word' id='word_1_322' title='bbox 667 3644 751 3700; x_wconf 83' lang='lat' dir='ltr'><strong>iuvat</strong></span> <span class='ocrx_word' id='word_1_323' title='bbox 767 3640 860 3697; x_wconf 85' lang='lat' dir='ltr'><strong>etiam</strong></span> <span class='ocrx_word' id='word_1_324' title='bbox 877 3655 917 3694; x_wconf 86' lang='lat' dir='ltr'><strong>ex</strong></span> <span class='ocrx_word' id='word_1_325' title='bbox 928 3630 1038 3695; x_wconf 85' lang='lat' dir='ltr'><strong>eodem</strong></span> <span class='ocrx_word' id='word_1_326' title='bbox 1049 3626 1154 3731; x_wconf 74' lang='lat' dir='ltr'><strong>Pisida</strong></span> 
     </span>
     <span class='ocr_line' id='line_1_40' title="bbox 50 3719 1153 3814; baseline -0.016 -23"><span class='ocrx_word' id='word_1_327' title='bbox 50 3732 209 3791; x_wconf 72' lang='lat' dir='ltr'><strong>observare</strong></span> <span class='ocrx_word' id='word_1_328' title='bbox 220 3752 381 3814; x_wconf 86' lang='lat' dir='ltr'><strong>perperam</strong></span> <span class='ocrx_word' id='word_1_329' title='bbox 394 3734 577 3806; x_wconf 86' lang='lat' dir='ltr'><strong>Saracenos,</strong></span> <span class='ocrx_word' id='word_1_330' title='bbox 600 3728 654 3811; x_wconf 87' lang='lat' dir='ltr'><strong>qui</strong></span> <span class='ocrx_word' id='word_1_331' title='bbox 666 3738 707 3786; x_wconf 76' lang='lat' dir='ltr'><strong>ax</strong></span> <span class='ocrx_word' id='word_1_332' title='bbox 720 3724 847 3799; x_wconf 85' lang='lat' dir='ltr'><strong>Arabia,</strong></span> <span class='ocrx_word' id='word_1_333' title='bbox 870 3740 939 3781; x_wconf 89' lang='lat' dir='ltr'><strong>cum</strong></span> <span class='ocrx_word' id='word_1_334' title='bbox 951 3719 1076 3793; x_wconf 77' lang='lat' dir='ltr'><strong>Tereia,</strong></span> <span class='ocrx_word' id='word_1_335' title='bbox 1099 3734 1153 3796; x_wconf 88' lang='lat' dir='ltr'><strong>qur</strong></span> 
     </span>
     <span class='ocr_line' id='line_1_41' title="bbox 52 3802 1152 3901; baseline -0.017 -24"><span class='ocrx_word' id='word_1_336' title='bbox 52 3838 96 3877; x_wconf 80' lang='lat' dir='ltr'><strong>ex</strong></span> <span class='ocrx_word' id='word_1_337' title='bbox 106 3816 229 3899; x_wconf 86' lang='lat' dir='ltr'><strong>Scythia</strong></span> <span class='ocrx_word' id='word_1_338' title='bbox 239 3820 367 3901; x_wconf 83' lang='lat' dir='ltr'><strong>profecti</strong></span> <span class='ocrx_word' id='word_1_339' title='bbox 379 3829 464 3895; x_wconf 74' lang='lat' dir='ltr'><strong>siant,</strong></span> <span class='ocrx_word' id='word_1_340' title='bbox 487 3836 504 3876; x_wconf 89' lang='lat' dir='ltr'><strong>a</strong></span> <span class='ocrx_word' id='word_1_341' title='bbox 519 3812 701 3899; x_wconf 89' lang='lat' dir='ltr'><strong>quibusdam</strong></span> <span class='ocrx_word' id='word_1_342' title='bbox 712 3806 866 3870; x_wconf 80' lang='lat' dir='ltr'><strong>confrmdi.</strong></span> <span class='ocrx_word' id='word_1_343' title='bbox 908 3802 1047 3864; x_wconf 89' lang='lat' dir='ltr'><strong>nondum</strong></span> <span class='ocrx_word' id='word_1_344' title='bbox 1060 3802 1152 3874; x_wconf 88' lang='lat' dir='ltr'><strong>euim,</strong></span> 
     </span>
     <span class='ocr_line' id='line_1_42' title="bbox 51 3890 1153 3985; baseline -0.017 -22"><span class='ocrx_word' id='word_1_345' title='bbox 51 3922 124 3962; x_wconf 81' lang='lat' dir='ltr'><strong>cann</strong></span> <span class='ocrx_word' id='word_1_346' title='bbox 143 3908 277 3985; x_wconf 89' lang='lat' dir='ltr'><strong>primum</strong></span> <span class='ocrx_word' id='word_1_347' title='bbox 296 3906 454 3964; x_wconf 86' lang='lat' dir='ltr'><strong>Heraclius</strong></span> <span class='ocrx_word' id='word_1_348' title='bbox 474 3902 515 3962; x_wconf 91' lang='lat' dir='ltr'><strong>ad</strong></span> <span class='ocrx_word' id='word_1_349' title='bbox 535 3902 656 3962; x_wconf 82' lang='lat' dir='ltr'><strong>Ciliciae</strong></span> <span class='ocrx_word' id='word_1_350' title='bbox 674 3899 762 3978; x_wconf 84' lang='lat' dir='ltr'><strong>pylas</strong></span> <span class='ocrx_word' id='word_1_351' title='bbox 776 3898 861 3954; x_wconf 75' lang='lat' dir='ltr'><strong>venit</strong></span> <span class='ocrx_word' id='word_1_352' title='bbox 872 3890 1066 3951; x_wconf 86' lang='lat' dir='ltr'><strong>dimicaturus</strong></span> <span class='ocrx_word' id='word_1_353' title='bbox 1082 3902 1153 3945; x_wconf 88' lang='lat' dir='ltr'><strong>cum</strong></span> 
     </span>
     <span class='ocr_line' id='line_1_43' title="bbox 51 3975 1154 4071; baseline -0.024 -16"><span class='ocrx_word' id='word_1_354' title='bbox 51 3986 196 4066; x_wconf 67' lang='lat' dir='ltr'><strong>Chorsos,</strong></span> <span class='ocrx_word' id='word_1_355' title='bbox 216 3992 337 4051; x_wconf 77' lang='lat' dir='ltr'><strong>&#39;l&#39;nrcae</strong></span> <span class='ocrx_word' id='word_1_356' title='bbox 351 4005 421 4049; x_wconf 89' lang='lat' dir='ltr'><strong>cum</strong></span> <span class='ocrx_word' id='word_1_357' title='bbox 434 3990 592 4050; x_wconf 71' lang='lat' dir='ltr'><strong>saracems</strong></span> <span class='ocrx_word' id='word_1_358' title='bbox 603 3982 713 4045; x_wconf 76' lang='lat' dir='ltr'><strong>foedus</strong></span> <span class='ocrx_word' id='word_1_359' title='bbox 724 3985 872 4055; x_wconf 68' lang='lat' dir='ltr'><strong>inierant,</strong></span> <span class='ocrx_word' id='word_1_360' title='bbox 894 3975 977 4059; x_wconf 90' lang='lat' dir='ltr'><strong>quod</strong></span> <span class='ocrx_word' id='word_1_361' title='bbox 990 3992 1064 4071; x_wconf 71' lang='lat' dir='ltr'><strong>saue</strong></span> <span class='ocrx_word' id='word_1_362' title='bbox 1080 3990 1154 4031; x_wconf 90' lang='lat' dir='ltr'><strong>con-</strong></span> 
     </span>
     <span class='ocr_line' id='line_1_44' title="bbox 50 4055 1153 4159; baseline -0.019 -23"><span class='ocrx_word' id='word_1_363' title='bbox 50 4078 139 4155; x_wconf 75' lang='lat' dir='ltr'><strong>tigit,</strong></span> <span class='ocrx_word' id='word_1_364' title='bbox 158 4086 321 4158; x_wconf 80' lang='lat' dir='ltr'><strong>postquam</strong></span> <span class='ocrx_word' id='word_1_365' title='bbox 343 4075 428 4135; x_wconf 86' lang='lat' dir='ltr'><strong>idem</strong></span> <span class='ocrx_word' id='word_1_366' title='bbox 448 4075 606 4134; x_wconf 85' lang='lat' dir='ltr'><strong>Heraclius</strong></span> <span class='ocrx_word' id='word_1_367' title='bbox 625 4072 868 4145; x_wconf 81' lang='lat' dir='ltr'><strong>Turoammcpe</strong></span> <span class='ocrx_word' id='word_1_368' title='bbox 884 4062 1005 4122; x_wconf 88' lang='lat' dir='ltr'><strong>adiutus</strong></span> <span class='ocrx_word' id='word_1_369' title='bbox 1020 4055 1153 4159; x_wconf 68' lang='lat' dir='ltr'><strong>secunda</strong></span> 
     </span>
     <span class='ocr_line' id='line_1_45' title="bbox 50 4144 1156 4242; baseline -0.019 -21"><span class='ocrx_word' id='word_1_370' title='bbox 50 4163 136 4221; x_wconf 85' lang='lat' dir='ltr'><strong>bello</strong></span> <span class='ocrx_word' id='word_1_371' title='bbox 148 4160 313 4223; x_wconf 75' lang='lat' dir='ltr'><strong>chosroam</strong></span> <span class='ocrx_word' id='word_1_372' title='bbox 326 4164 508 4242; x_wconf 79' lang='lat' dir='ltr'><strong>profligarit.</strong></span> <span class='ocrx_word' id='word_1_373' title='bbox 549 4170 623 4218; x_wconf 88' lang='lat' dir='ltr'><strong>tuuc</strong></span> <span class='ocrx_word' id='word_1_374' title='bbox 637 4158 719 4217; x_wconf 86' lang='lat' dir='ltr'><strong>enim</strong></span> <span class='ocrx_word' id='word_1_375' title='bbox 735 4156 855 4213; x_wconf 80' lang='lat' dir='ltr'><strong>&#39;l&#39;urcae</strong></span> <span class='ocrx_word' id='word_1_376' title='bbox 868 4150 1025 4209; x_wconf 73' lang='lat' dir='ltr'><strong>uacuam</strong></span> <span class='ocrx_word' id='word_1_377' title='bbox 1039 4144 1112 4203; x_wconf 79' lang='lat' dir='ltr'><strong>sacti</strong></span> <span class='ocrx_word' id='word_1_378' title='bbox 1125 4150 1156 4201; x_wconf 86' lang='lat' dir='ltr'><strong>at</strong></span> 
     </span>
     <span class='ocr_line' id='line_1_46' title="bbox 53 4236 1155 4329; baseline -0.005 -19"><span class='ocrx_word' id='word_1_379' title='bbox 53 4252 118 4310; x_wconf 90' lang='lat' dir='ltr'><strong>suis</strong></span> <span class='ocrx_word' id='word_1_380' title='bbox 138 4250 237 4310; x_wconf 67' lang='lat' dir='ltr'><strong>rebus¹</strong></span> <span class='ocrx_word' id='word_1_381' title='bbox 245 4248 374 4310; x_wconf 82' lang='lat' dir='ltr'><strong>tidenter</strong></span> <span class='ocrx_word' id='word_1_382' title='bbox 390 4250 470 4309; x_wconf 91' lang='lat' dir='ltr'><strong>ultra</strong></span> <span class='ocrx_word' id='word_1_383' title='bbox 482 4246 639 4329; x_wconf 69' lang='lat' dir='ltr'><strong>pervagati</strong></span> <span class='ocrx_word' id='word_1_384' title='bbox 650 4244 684 4303; x_wconf 87' lang='lat' dir='ltr'><strong>in</strong></span> <span class='ocrx_word' id='word_1_385' title='bbox 697 4242 820 4323; x_wconf 80' lang='lat' dir='ltr'><strong>Syriam</strong></span> <span class='ocrx_word' id='word_1_386' title='bbox 833 4254 930 4319; x_wconf 68' lang='lat' dir='ltr'><strong>tuqut</strong></span> <span class='ocrx_word' id='word_1_387' title='bbox 943 4236 1155 4316; x_wconf 61' lang='lat' dir='ltr'><strong>pfflfflfflffis</strong></span> 
     </span>
    </p>
   </div>
   <div class='ocr_carea' id='block_1_5' title="bbox 0 0 1411 4709">
    <p class='ocr_par' dir='ltr' id='par_1_10' title="bbox 0 0 1411 4709">
     <span class='ocr_line' id='line_1_47' title="bbox 0 0 1411 4709; baseline 0 0"><span class='ocrx_word' id='word_1_388' title='bbox 0 0 1411 4709; x_wconf 95' lang='lat' dir='ltr'><strong> </strong></span> 
     </span>
    </p>
   </div>
  </div>
 </body>
</html>
