2792 4709
184 114 268 253 ω’,
648 176 946 264 canu·

190 343 1308 435 inquoi'isidaedegeeu'siupmcoemcpoiitmmmhistcriacon-
1374 351 1376 354 ’

192 456 314 515 tinctor.
356 450 506 513 lohannes
527 460 629 511 autem
649 454 796 533 Georgius
817 454 990 513 timum
1012 446 1053 507 ad
1074 448 1254 529 iicdmherg
1267 451 1306 507 in
1374 477 1376 506 ι

192 560 256 619 suis
275 556 313 617 de
332 576 364 614 re
385 554 598 635 chrcrmiogicu
619 555 784 635 capitibus,
804 554 943 614 Ueserim
963 552 1077 633 aliique
1093 570 1158 610 non
1173 548 1306 610 dubitu-

193 670 263 720 runt
288 659 418 737 Georgio
447 666 549 717 nostro
577 656 738 717 attribuere
762 654 991 717 celeberrimum
1018 650 1099 713 iilud
1121 651 1304 729 chronicon,

194 756 277 843 quod
295 762 428 840 primum
451 742 610 818 Fastormn
629 758 801 819 Siculorum
820 778 855 817 uc
874 753 985 817 deinde
1003 754 1305 823 chronicidlcm-

196 861 275 923 driui
297 872 327 922 et
348 858 501 922 Paschsiis
521 862 665 921 lemmate
683 862 842 941 vulgatum
861 870 917 920 est.
959 856 1015 919 sed
1034 856 1119 941 quod
1130 856 1173 917 ad
1185 858 1305 918 hihiio·

195 962 315 1025 thecam
326 965 556 1027 Vailiceiianrm
569 973 702 1045 spectat,
725 982 818 1045 quam
830 972 952 1043 petrum
966 962 1094 1021 ontorii
1106 958 1302 1021 humanitate

195 1087 286 1147 saepe
300 1064 383 1126 adire
398 1078 428 1126 et
438 1078 534 1127 totam
547 1068 727 1147 perlustrare
738 1062 817 1125 mihi
827 1066 923 1140 licuit,
941 1064 1031 1144 plane
1043 1066 1193 1125 assentior
1202 1062 1303 1123 heom·

196 1170 324 1248 dilatio,
347 1169 400 1254 qui
411 1172 569 1233 Posssvini
584 1172 790 1229 auctoritatem
802 1170 844 1227 ita
857 1166 1011 1227 convellit.
1047 1158 1140 1226 “iicet
1151 1169 1247 1225 anxie
1257 1166 1303 1223 h·-

195 1274 285 1333 brum
309 1273 527 1356 quaesiverim,
559 1290 711 1353 saepeque
732 1268 864 1329 iudicem
886 1280 917 1329 et
937 1270 1128 1351 potissimmn
1150 1269 1302 1327 ltbmmn

196 1386 313 1457 partem
326 1376 540 1456 persolverim,
562 1372 694 1435 adhunc
708 1385 811 1433 tamen
823 1371 907 1433 diem
915 1390 1069 1454 nusquam
1078 1372 1140 1431 tuie
1153 1390 1231 1450 opus
1244 1389 1300 1429 oc-

197 1482 298 1537 currit.
343 1481 507 1555 outinum,
530 1475 613 1560 quod
625 1494 687 1536 non
702 1474 808 1553 credo,
829 1484 919 1535 esset.
962 1494 1094 1535 errorem
1107 1472 1302 1534 indonatum

198 1582 357 1639 existimo:
378 1600 450 1640 nam
470 1582 522 1663 qui
540 1562 685 1640 iibrorum
707 1579 889 1638 Graecorum
909 1576 1045 1638 indicem
1060 1578 1206 1653 confecit,
1226 1596 1301 1635 cum

198 1684 230 1741 iu
243 1680 308 1742 cod.
321 1684 357 1745 ii.
374 1687 452 1759 112,
474 1685 597 1764 antiquo
611 1684 683 1743 satis
696 1692 728 1739 et
742 1684 874 1762 optimae
886 1692 994 1759 notee,
1018 1680 1074 1743 sed
1083 1700 1194 1762 parrae
1204 1680 1301 1739 molis

197 1782 291 1863 libro,
312 1782 471 1845 historiam
492 1782 529 1843 de
538 1784 781 1864 imperatoribus
804 1786 971 1865 cpolitsnis
989 1785 1023 1843 in
1041 1786 1188 1867 principio
1205 1804 1302 1863 repe·

198 1889 302 1965 risset,
325 1908 393 1948 eam
408 1898 509 1947 tamn
530 1880 685 1965 dsipuiov
702 1887 904 1966 plurimarum
922 1890 1101 1968 paginarum
1124 1888 1301 1961 amissione,

199 2008 293 2072 quam
312 2002 417 2071 postes
435 2010 509 2070 opus
533 1992 566 2049 iu
595 1992 807 2048 Hexatmeron
831 1991 953 2071 Georgii
972 1989 1093 2051 Pisidae
1117 1990 1301 2070 excipiebat,
1334 2012 1340 2025 ’

198 2110 271 2167 nso,
293 2104 328 2152 ut
345 2112 402 2174 pur
421 2103 500 2169 erat,
522 2088 782 2153 animadvertisset
795 2089 952 2153 historiam
965 2095 1096 2173 primum
1114 2091 1151 2151 de
1162 2094 1302 2172 impera-

197 2196 313 2255 toribus
332 2196 519 2255 Constantini
538 2197 694 2255 Manassae
712 2196 875 2277 Synopsim
886 2218 968 2274 esse,
988 2216 1057 2257 eam
1070 2198 1198 2276 Georgio
1215 2196 1301 2255 Pisi-

199 2294 273 2375 dae,
295 2299 448 2381 sequentis
470 2300 569 2379 operis
590 2300 721 2374 auctori,
743 2296 799 2358 sed
818 2302 978 2360 oscitanter
995 2302 1102 2378 nimis,
1123 2298 1250 2359 donavit
1268 2307 1301 2357 et

199 2397 308 2461 herum
330 2420 432 2463 rerum
452 2404 553 2460 anxiis
574 2401 679 2461 fusum
704 2394 811 2460 iecit.”
850 2402 933 2485 quod
949 2414 1051 2463 autem
1066 2406 1240 2463 iieruartus
1257 2420 1301 2461 ex

198 2500 293 2562 Suida
314 2505 441 2585 probare
466 2502 635 2579 contendit,
672 2501 805 2563 chronici
827 2505 982 2567 Paschaiis
1005 2510 1181 2587 scriptorem
1200 2507 1300 2567 fauisse

197 2600 348 2679 Pisidam,
371 2607 443 2685 qui,
462 2617 496 2665 ut
508 2608 573 2686 ipse
589 2610 646 2681 ait,
669 2624 744 2665 aevo
756 2609 887 2669 Heraclii
901 2609 1027 2670 florebat
1038 2612 1162 2692 eiusque
1177 2630 1227 2670 res
1241 2630 1300 2691 ge-

197 2712 275 2779 stas,
297 2713 328 2763 et
347 2707 467 2767 Persica
488 2708 569 2768 helia
587 2710 722 2768 oratione
737 2708 833 2769 libero
851 2717 1034 2794 composuit,
1057 2732 1151 2796 quem
1165 2717 1204 2773 sit
1218 2713 1301 2773 ridi-

46 2814 73 2869 i‘·
90 2796 183 2857 fflll
199 2802 317 2883 cuium,
339 2818 464 2887 apparet
484 2828 524 2869 ex
548 2812 585 2871 iis
604 2830 682 2893 quae
697 2810 736 2873 da
748 2817 921 2875 testimonio
936 2813 1049 2876 Suidae
1065 2819 1203 2897 superius
1215 2816 1302 2876 dicta

131 2962 135 2969 .
197 2916 277 2969 sunt.
304 2926 378 2969 narn
394 2913 617 2973 Benearnum
633 2915 947 2995 ipsaSuidaeverba,
965 2912 1301 3002 ‘Egurp'pepoads'lu'p-

197 3010 263 3093 βων
286 3010 330 3087 tls
352 3010 411 3095 irrep
430 3014 590 3097 τρισχίλια·
620 3016 664 3093 εἷς
680 3015 856 3103 Ἡράκλειον
875 3016 931 3084 etv
949 3020 1086 3103 βασιλέα,
1107 3022 1162 3085 sui
1181 3022 1224 3096 sic
1241 3020 1301 3087 eris

196 3108 273 3176 md
290 3117 419 3199 Περσᾶν
433 3106 581 3199 πόλῖμον,
603 3117 642 3178 ad
655 3118 716 3182 hoc
729 3121 894 3183 chronicon
905 3121 1137 3204 significandam
1148 3127 1233 3185 inani
1242 3146 1299 3185 co-

196 3226 270 3274 satu
289 3216 465 3302 detorquet,
488 3222 575 3301 quasi
595 3221 697 3281 Pisida
718 3246 780 3286 uno
800 3237 920 3286 tantum
936 3246 1027 3307 opere
1042 3239 1165 3308 coeptos
1173 3230 1212 3287 ab
1223 3230 1299 3289 orbe

199 3316 318 3378 condito
332 3340 430 3403 usque
442 3320 482 3381 ad
492 3324 667 3395 Heraclium
679 3338 711 3385 et
721 3330 877 3388 Persicum
893 3329 1009 3389 beilum
1021 3333 1154 3391 Heraclii
1164 3334 1298 3393 Annales

195 3421 370 3499 prosecutus
390 3426 443 3483 ait.
486 3426 528 3485 ita
546 3428 631 3485 enim
646 3424 681 3492 sd
700 3430 744 3505 εἰς
761 3434 988 3513 interpretatur,
1009 3444 1043 3493 ut
1062 3435 1164 3493 valeat
1180 3454 1243 3493 non
1260 3434 1299 3493 de

194 3522 341 3584 Heracleo
352 3523 408 3587 sed
418 3546 514 3611 usque
526 3528 571 3589 ad
579 3531 775 3607 Heaaclisem,
786 3538 1024 3617 interpunctione
1037 3546 1106 3595 ante
1118 3537 1163 3611 eie
1172 3538 1297 3597 omnino

195 3626 324 3688 athleta.
366 3627 425 3691 hcc
448 3643 550 3693 autem
570 3653 684 3695 vanum
702 3656 770 3697 esse
790 3641 939 3699 iierwsrti
953 3649 1158 3699 commentum
1169 3637 1299 3699 demon·

194 3733 300 3790 stravit
321 3731 490 3795 Matthaeus
510 3733 645 3797 liederus
670 3740 704 3797 in
728 3741 836 3820 Prurfi
866 3739 906 3799 ad
924 3740 983 3802 hoc
1001 3744 1104 3822 ipsum
1123 3740 1298 3818 chronicon,

194 3832 278 3915 quod
297 3834 540 3897 Alexandrinum
559 3842 712 3921 inscripsit
731 3852 823 3924 atque
839 3842 954 3923 edidit,
976 3865 1018 3905 ex
1030 3848 1098 3925 ipso
1112 3842 1210 3905 Suida
1224 3847 1298 3905 satis
1367 3879 1372 3918 ,=

194 3946 297 4015 aperte
316 3940 457 3998 evincens
478 3942 689 4002 Hexaimeron
709 3943 831 4006 Pisidae
852 3966 917 4007 esee
937 3966 1013 4027 opus
1030 3966 1048 4005 a
1064 3948 1172 4006 ceteris
1187 3944 1297 4005 distin·

194 4048 287 4098 mum.
330 4038 386 4101 sed
402 4050 433 4101 et
448 4039 583 4103 liuderus
595 4046 661 4125 ipse
676 4044 715 4104 de
727 4045 848 4107 Pisidae
859 4050 978 4129 scriptis
988 4052 1117 4131 loquens
1128 4048 1298 4107 alumnatus

193 4147 255 4197 eet:
274 4158 347 4201 nam
361 4146 685 4223 primumexansccd.
699 4151 738 4209 A.
749 4148 949 4212 bibliothecae
961 4153 1166 4232 Augurem,
1186 4152 1221 4216 in
1235 4170 1297 4233 qm
