2792 4709
197 166 271 245 104
630 164 861 235 DUBANOE

194 349 287 420 atque
305 338 379 396 istos
399 330 524 415 qnidam
547 332 674 392 drenlcs
687 350 812 390 coranos
825 324 979 389 interdum
990 338 1098 388 vocant
1116 326 1186 389 aori
1202 324 1301 389 madii

196 429 355 503 scriptores
368 422 484 493 Latini,
513 428 548 476 ut
567 428 669 477 auctor
687 420 769 475 vitea
784 417 816 477 S.
833 412 982 474 Desiderii
998 414 1065 473 loco
1078 416 1217 493 proxima
1228 416 1301 473 lau-

197 509 286 583 dato,
310 508 487 564 Anastasius
501 503 576 561 bibl.
591 506 623 561 in
640 504 673 561 S.
685 504 830 563 silvestro
844 511 874 559 et
884 500 972 559 Sixto
988 504 1007 563 8
1022 500 1089 575 PP,
1110 496 1311 559 Flodoardus·

196 598 275 654 Hist.
288 594 462 653 Kamenult
484 588 505 652 5
527 600 557 647 et
578 587 598 651 l
622 588 680 660 13,
709 588 868 645 lietbertus
888 583 925 643 de
942 584 1067 643 Casibus
1081 586 1114 644 S.
1131 585 1212 643 Galli
1226 604 1254 643 c.
1269 586 1301 659 9,

197 684 245 740 lso
263 680 408 755 magister
430 672 468 731 de
486 674 639 732 Miraoulis
659 673 693 730 S.
714 673 794 730 Galli
816 690 842 729 c.
868 672 906 744 8,
939 666 1096 730 Udalricus
1110 672 1142 727 in
1156 670 1302 729 consuat.

197 766 332 825 cluniac.
351 762 374 823 1-
393 763 448 834 11,
469 759 576 817 Petms
592 758 740 817 Vener-ab.
756 761 788 815 in
802 756 910 815 Statut.
928 754 1016 813 clun.
1032 774 1058 811 c.
1072 756 1129 830 62,
1151 754 1303 833 Aegidius

196 852 316 911 Aureae
334 846 423 904 vallis
438 864 464 903 o.
480 844 532 919 58,
554 846 622 902 Vita
636 844 672 901 B.
687 844 806 901 loannis
824 840 993 899 Gorziensis
1005 840 1115 899 Abbat.
1127 860 1153 897 c.
1164 844 1205 905 10
1217 862 1249 899 u.
1259 844 1303 903 90

198 946 256 993 etc.
299 933 332 990 S.
346 927 514 988 bernardus
530 940 612 987 rotas
625 925 821 1006 appellandas
834 927 933 1005 potina
949 928 1079 999 censuit,
1102 926 1156 983 lib.
1175 922 1215 983 de
1231 927 1304 985 Vita

199 1030 230 1079 et
240 1017 374 1076 moribus
388 1016 564 1072 clericorum
577 1035 603 1071 c.
614 1014 672 1075 11:
689 1022 848 1090 ponuntur
863 1014 897 1067 in
911 1010 1033 1067 ecclesia
1045 1020 1229 1090 gemmatae,
1241 1030 1305 1068 non

198 1122 338 1172 coronae,
351 1099 512 1173 redactae,
529 1102 744 1174 circtmssaptae
757 1094 964 1174 lampadibus,
979 1095 1033 1153 aad
1044 1116 1104 1155 nou
1119 1098 1220 1153 marus
1226 1094 1304 1175 sub-

195 1199 302 1270 gentes
310 1186 428 1244 insertis
444 1184 608 1263 lapidibus.
630 1182 685 1241 sed
698 1184 874 1262 praesertim
887 1182 1047 1239 instructas
1058 1179 1209 1241 eiusmodi
1221 1182 1305 1239 lam·

199 1272 327 1355 padibus
350 1288 472 1329 coronas
492 1268 596 1347 plecta
610 1268 764 1348 appellant
779 1267 841 1325 alii.
885 1268 947 1325 Leo
960 1267 1023 1324 Ost.
1038 1264 1148 1325 chron.
1163 1266 1266 1325 casin.
1283 1270 1305 1331 3

199 1364 239 1424 81
251 1376 259 1416 :
281 1358 363 1437 fecit
384 1365 412 1413 et
418 1338 567 1432 pliarum,
588 1373 730 1411 coronam
743 1352 855 1409 cadebat
868 1351 1033 1409 euatmam
1047 1360 1222 1430 argenteam
1232 1372 1306 1411 creta

200 1478 243 1494 ,-
257 1463 308 1501 sex
327 1452 356 1498 et
375 1442 500 1518 erigam
520 1436 715 1516 Irtmpadcbus
731 1458 766 1495 ex
778 1457 814 1493 aa
822 1434 1033 1514 pendentibus.
1077 1440 1120 1495 ita
1132 1440 1305 1514 promiscue

200 1526 282 1607 apud
297 1524 485 1586 Valalridum
499 1524 680 1585 Strabonem
694 1522 732 1583 de
745 1524 848 1579 Mirao.
865 1521 898 1580 S.
918 1520 998 1577 Galli
1014 1522 1036 1581 2
1059 1520 1109 1596 35,
1130 1521 1247 1581 Bedam
1265 1519 1305 1581 da

200 1616 269 1671 Rat.
284 1622 413 1689 tempor.
427 1628 453 1667 o.
467 1608 519 1684 24,
544 1612 578 1667 in
590 1610 667 1665 llist.
683 1608 819 1667 translat.
836 1606 867 1667 S.
881 1606 1050 1665 sebastiani
1067 1624 1098 1663 n.
1115 1604 1173 1681 94,
1195 1610 1228 1665 in
1242 1610 1306 1665 vita
1374 1634 1376 1663 t

94 1696 118 1753 Ρ
134 1697 187 1755 568
204 1695 332 1756 Gudilae
344 1697 428 1773 Virg.
442 1714 473 1751 n.
495 1696 542 1757 18.
563 1703 717 1772 praeterea
731 1690 812 1770 apud
823 1694 1016 1749 Anastasium
1027 1710 1090 1749 uon
1099 1692 1204 1767 semel,
1223 1691 1307 1779 apud

202 1802 294 1864 quem
311 1783 345 1839 iu
363 1778 395 1839 S.
415 1780 560 1838 Silvestro
578 1777 680 1855 phara
701 1776 850 1835 canthara
874 1774 1013 1835 dicuntur
1034 1795 1088 1835 eae
1111 1779 1308 1855 potissimum

202 1884 348 1940 coronae,
371 1882 449 1945 quae
465 1862 656 1941 lampadibus
668 1872 700 1920 et
714 1860 803 1921 discis
816 1863 976 1921 instructae
992 1872 1090 1935 eraut,
1110 1881 1185 1941 quas
1200 1886 1307 1942 φωτα-

203 1948 280 2033 aize
292 1946 395 2033 οἷγγεῖο
409 1957 497 2011 vocat
510 1950 610 2007 Duces
626 1966 652 2005 c.
665 1947 718 2008 29.
748 1945 879 2027 denique
894 1948 969 2007 ulios
984 1945 1169 2027 lychnuchos
1186 1952 1218 2007 in
1235 1968 1308 2010 mo-

206 2036 280 2097 dum
293 2038 387 2095 crucis
401 2032 515 2092 effictos
527 2030 672 2113 appendit
682 2034 876 2091 lastinianus.
920 2032 1108 2091 Silentiarlua
1124 2050 1154 2093 v.
1171 2034 1252 2099 417:

369 2118 422 2182 sal
435 2114 565 2200 percitos
580 2124 721 2197 atcuooio
737 2112 834 2180 τύπον
847 2110 995 2179 acidane
1008 2114 1140 2197 νοήσεις,

370 2201 560 2351 ζείτονοὲιμέν
574 2204 701 2363 iimo,
722 2196 934 2350 ῗολυορήτοισι
950 2198 1107 2277 dictitare

371 2314 391 2351 a
429 2312 445 2350 ο
510 2313 529 2350 a
601 2308 777 2351 οντασεαο
804 2312 882 2353 ccv.

206 2372 290 2435 buno
311 2312 512 2454 porroyyriium
529 2312 635 2433 5solitarias
653 2312 999 2433 luminibiisoexornaudi
1013 2382 1109 2433 aetate
1125 2372 1158 2433 S.
1173 2368 1309 2451 Chryso-

207 2462 308 2534 aemi,
330 2462 423 2531 euius
432 2470 533 2518 auctor
545 2457 728 2540 perhibetur,
751 2460 914 2518 obtinuisse
925 2469 1045 2517 nument
1060 2458 1196 2518 Socrates
1208 2469 1239 2517 et
1250 2460 1310 2517 Ni·

207 2543 356 2625 cephorus
369 2546 446 2605 call.
469 2556 500 2604 et
518 2547 551 2603 in
567 2546 756 2628 processibus
775 2546 903 2625 publicis
918 2544 1125 2603 ecclesiasticis
1140 2544 1308 2623 praelatas:

209 2632 334 2709 σταυροὶ
349 2625 493 2713 dertosa
512 2635 615 2711 κηρῶν
628 2626 685 2693 ἐπ”
698 2624 804 2704 adroic
818 2623 998 2709 ἆοημμ1νων
1010 2632 1208 2711 προηγοῦντο.
1250 2648 1311 2687 nec

210 2712 319 2773 desunt
335 2719 389 2795 qui
405 2735 523 2773 crucem
540 2735 629 2794 supra
645 2716 804 2775 ambonem
823 2724 952 2773 stantem
971 2715 1100 2775 lucernis
1117 2711 1310 2794 lampadibus

210 2817 247 2856 ac
257 2800 421 2858 luminibus
435 2797 560 2878 perinde
571 2801 740 2877 fulgurassa
753 2820 793 2858 ax
806 2798 921 2859 codinc
937 2799 1112 2860 observant:
1134 2794 1192 2879 εἶχε
1208 2792 1242 2861 δὲ
1255 2798 1311 2863 sat

210 2878 306 2962 οοχνοῖ
323 2881 497 2963 incertiora
511 2883 562 2944 nul
575 2881 793 2965 μαργαριτᾶρια
808 2878 945 2947 initiata·
976 2882 1031 2946 aad
1043 2895 1073 2943 et
1088 2882 1169 2965 apud
1184 2885 1311 2945 Latinos

210 2965 294 3027 huno
304 2969 468 3028 invaluisse
485 2970 575 3027 ritum
591 2966 678 3027 docet
692 2970 867 3029 Anastasius
881 2970 914 3027 in
929 2969 962 3029 S.
976 2968 1128 3029 Hadriano
1146 2972 1212 3027 PP:
1226 2970 1311 3047 fecit

211 3064 242 3111 et
250 3052 385 3131 pharum
398 3056 541 3112 maiorem
559 3056 593 3112 in
613 3054 716 3113 eadem
729 3054 771 3113 B.
789 3056 874 3114 Petri
888 3053 1010 3113 ecclam
1030 3058 1063 3112 ia
1078 3066 1183 3133 typum
1197 3057 1311 3126 crucis,

213 3141 270 3219 qui
280 3140 394 3217 perulet
406 3150 478 3198 ante
486 3138 718 3217 presbyterium,
746 3138 903 3198 trahentem
921 3138 1065 3198 carrdelaa
1078 3144 1173 3212 1370,
1195 3150 1223 3197 at
1239 3160 1315 3199 cors·

212 3226 312 3281 stituit
329 3236 365 3282 ut
385 3235 527 3304 quattswr
547 3223 665 3283 vicibus
683 3227 718 3282 in
739 3246 819 3283 anna
832 3227 894 3304 ι’ροο
904 3224 1025 3303 pirama
1040 3224 1232 3285 mundaum
1279 3227 1313 3283 'm

213 3310 316 3367 Leone
331 3327 386 3367 ru:
407 3309 489 3387 fecit
500 3329 617 3367 crucem
629 3308 839 3389 arraghpham
853 3310 1060 3383 interrasilem,
1081 3331 1117 3367 ex
1128 3331 1203 3369 auro
1219 3330 1313 3368 muu-

213 3388 724 3474 disaimo,pendentsminps‘rgula
736 3406 806 3453 ants
819 3395 915 3453 attare
929 3394 1315 3455 camoandeirbduodecim

209 3498 297 3557 pens.
316 3476 370 3536 lib.
390 3480 440 3541 13.
483 3478 631 3539 eiusmodi
645 3483 737 3538 etiam
753 3500 854 3539 cruces
869 3481 1034 3541 luminosas
1044 3481 1196 3540 intellexit
1209 3480 1315 3539 Silar-

214 3566 319 3622 tiarius
335 3584 364 3623 v.
377 3562 456 3638 481,
479 3561 552 3623 dum
565 3566 608 3623 ait
620 3566 714 3623 alium
729 3574 863 3623 mantem
879 3566 1027 3625 oblectare
1038 3564 1183 3625 intuendo
1197 3558 1315 3645 σύμβο-

214 3652 269 3710 λον
281 3643 428 3725 οὕρονίοο
442 3652 593 3729 Χριστοῖο.
628 3659 698 3709 suut
714 3653 796 3709 euim
812 3670 864 3710 eae
877 3651 1016 3709 lucernae
1031 3670 1106 3732 quas
1119 3652 1209 3731 οιζιια
1225 3650 1316 3711 Obri-

215 3733 256 3791 sti
275 3734 407 3812 appellat
419 3736 594 3793 Anastasius
616 3736 649 3791 in
661 3736 764 3793 Leone
781 3752 836 3793 111:
862 3734 944 3815 fecit
959 3737 992 3795 in
1013 3734 1140 3795 basilica
1161 3735 1204 3794 B.
1228 3737 1318 3794 Petri

216 3818 359 3895 aspostoli
369 3852 413 3863 -
424 3818 579 3898 gabathas
594 3818 751 3897 fundatas
770 3820 1003 3899 sigrwobrirtas,
1037 3842 1115 3901 quae
1129 3820 1266 3899 patriast
1282 3824 1317 3881 in

217 3904 457 3983 quadriporticu,
477 3906 512 3963 ia
518 3902 620 3981 pharo
630 3923 715 3963 mrsu
729 3906 763 3962 in
776 3904 872 3963 madio
884 3905 1053 3979 Basilicas,
1074 3926 1196 3966 maman
1209 3904 1262 3969 48.
1285 3918 1318 3967 el

217 3990 249 4046 in
264 3990 408 4069 Gregorio
426 4006 480 4050 stt
501 3990 624 4068 sigma
637 3988 750 4048 &aisti
760 3988 852 4047 habet
863 3991 1029 4051 navicellaa
1041 3991 1120 4051 duaa
1132 4003 1160 4051 st
1173 4012 1318 4051 maumas

218 4082 287 4131 tras.
331 4076 426 4133 infra:
450 4076 573 4155 signam
591 4072 704 4133 carisa
716 4074 896 4153 panaciam
915 4080 949 4137 in
968 4076 1115 4137 calendis
1142 4076 1247 4137 tribus.
1273 4112 1317 4125 -

218 4158 340 4236 σίςπωιο
364 4158 477 4220 abaci
502 4158 593 4220 tata
618 4159 1318 4244 br’stortamiumodumlaoniaiacapillatam
