2792 4709
517 228 763 301 emortuo.
1132 248 1197 303 uu

92 403 136 463 rit
149 398 297 464 sollicitus
318 402 362 475 (t.
381 398 475 479 278),
503 395 703 461 nihilominus
718 394 797 461 illud
814 397 906 480 plone
922 396 1066 461 ultimum
1090 397 1197 469 luisset
1212 408 1319 487 pm

91 504 180 565 urbis
192 502 337 579 axitittm,
365 502 426 563 nisi
442 520 584 581 praesens
603 500 641 563 de
664 504 748 563 eaelo
769 500 940 563 advenisset
959 501 1145 584 praesidium
1165 516 1198 567 et

90 606 264 667 munimen.
305 622 411 685 porro,
439 604 466 663 si
484 600 559 666 fides
569 604 711 666 habenda
724 614 771 665 est
782 605 896 665 auctori
908 602 1050 667 Chromci
1061 604 1218 669 Pascha-⁰

87 710 148 785 lis,
177 710 244 789 ipsa
258 707 392 767 Abautm
411 702 476 765 dux
488 702 648 787 chaganus
659 707 915 791 nonnisilterritm
929 704 1044 769 destitit
1058 710 1096 769 ab
1111 710 1196 773 urbis

89 811 338 892 expugnatione,
368 806 451 890 quod
468 805 622 889 deiparam
642 807 768 871 vidisset
784 830 841 891 pro
859 810 1025 891 cpolitanis
1046 810 1197 873 dimican-

88 925 169 975 tem.
209 910 264 977 sal
281 915 372 977 serito
392 910 472 995 iieyt
490 915 534 997 spi
550 915 646 997 καιρῷ
664 916 722 977 acsi
743 908 894 994 πολέμου,
936 907 982 979 ὅτι
1004 910 1065 1000 tyd
1085 920 1199 1002 θωρό

50 1014 53 1029 '
87 1022 224 1103 γυναῖκα
238 1016 489 1099 σεμνοφοροῦναν
503 1012 547 1090 εἰς
560 1010 594 1079 sd
613 1019 709 1095 τεῖχος
720 1008 818 1097 pinta·
830 1006 937 1081 οὖσαν.

178 1124 209 1186 3.
250 1110 439 1183 Ἀνᾶθιπον
452 1112 568 1199 ὕμνον,
588 1116 735 1197 lynceum
746 1117 944 1191 amaheae»,
963 1116 1019 1201 qui
1039 1120 1078 1179 ob
1094 1120 1194 1181 vieto-

88 1220 171 1281 riam
186 1218 224 1279 da
239 1220 386 1281 Abatibus
400 1220 434 1279 in
448 1240 553 1280 recens
564 1230 730 1280 memorato
746 1220 827 1279 bello
841 1220 968 1279 relatam
980 1221 1108 1301 scriptus
1121 1224 1191 1301 tuit,

88 1342 201 1399 nemo,
222 1320 306 1403 quod
320 1324 433 1401 fateor,
454 1326 537 1383 inter
547 1342 637 1402 opera
651 1320 773 1382 Pisidae
787 1324 947 1383 recensuit.
987 1342 1045 1382 nos
1062 1342 1123 1404 qua
1140 1344 1192 1385 ra-

91 1428 175 1487 tione
196 1422 279 1485 ducti
298 1428 349 1487 vel
365 1426 474 1509 quibus
491 1426 673 1505 argumentis
685 1425 755 1485 freti
770 1424 804 1485 id
817 1422 990 1485 faciendum
1005 1424 1191 1505 duxerimus,

90 1550 147 1591 suo
164 1530 232 1591 loco
245 1533 452 1610 exposuimus.
495 1530 522 1590 si
544 1530 592 1589 cui
611 1538 715 1587 tomen
733 1528 824 1587 nimis
837 1527 972 1587 infirme
987 1528 1116 1589 acleres
1131 1548 1193 1589 uo·

88 1646 171 1695 strae
185 1634 372 1694 coniecturae
385 1631 576 1709 videbuntur,
597 1632 624 1691 is
636 1632 728 1711 piade
743 1631 837 1689 cuivis
850 1632 952 1709 potius
966 1628 1192 1713 quaml‘isidae

88 1734 174 1797 haue
195 1734 346 1817 hymnum
369 1737 519 1801 attribmt.
561 1755 668 1795 verum
685 1734 839 1814 scripsisse
858 1731 1011 1811 Pisidam,
1038 1744 1075 1796 ut
1093 1744 1193 1797 cetam

89 1842 247 1917 omittam,
276 1836 349 1899 inde
363 1840 455 1899 etiam
468 1838 534 1897 fieri
546 1840 642 1918 possit
652 1838 856 1919 probabilius,
879 1834 961 1919 quod
973 1838 1040 1916 ipse
1052 1838 1086 1895 in
1099 1857 1194 1917 supe-

89 1944 164 2003 rlori
181 1949 321 2023 poemate
340 1952 410 2023 post
431 1939 661 2023 descriptionem
678 1941 753 2001 belli
761 1941 883 2001 Abarici
897 1940 1047 2022 populum
1058 1939 1194 2021 (ipolito-

89 2064 166 2105 utun
179 2042 220 2104 ad
234 2042 385 2127 hymnum
401 2044 619 2106 concinendum
633 2041 771 2105 hortatur
779 2064 810 2108 v.
825 2044 899 2111 602.
1075 2121 1079 2131 Α

175 2145 207 2211 4.
250 2148 311 2224 Εἰς
330 2142 388 2230 τήν
411 2145 501 2230 ‹tytev
521 2155 578 2215 soei
592 2152 728 2243 Xpsptosi
747 2148 804 2211 soci
820 2150 902 2211 croc
913 2142 1004 2227 slecis
1016 2135 1193 2224 acinace,

87 2254 123 2311 in
147 2260 288 2310 sanemm
313 2251 384 2313 Iesu
410 2251 522 2311 Christi
547 2252 596 2313 dei
623 2253 718 2313 nosci
738 2251 990 2311 νωιντεοίὼνωηι.
1034 2247 1125 2307 breve
1146 2253 1194 2308 ast

87 2356 281 2435 polamine,
303 2362 442 2419 constans
459 2356 518 2419 129
532 2358 673 2433 senariis,
702 2356 736 2415 in
752 2373 813 2435 quo
825 2351 947 2428 Pisida,
968 2360 1089 2430 sumpta
1102 2366 1193 2408 occa·

88 2458 177 2518 sione
197 2476 216 2515 a
234 2474 346 2535 magno
365 2453 520 2517 Paschatis
542 2457 638 2533 festo,
681 2454 858 2515 Christianis
887 2455 1054 2536 praeceptis
1081 2450 1194 2530 imbuit

87 2560 188 2621 filium
206 2558 354 2635 Heraclii,
390 2560 798 2636 indumentorum,
833 2575 964 2640 eamque
985 2552 1026 2615 ad
1045 2550 1193 2633 manda

84 2665 242 2745 praeclara
254 2672 338 2743 gesta
351 2664 444 2742 patris
458 2662 634 2725 inflammat.
677 2662 826 2722 scribebat
838 2658 1021 2741 haecpoita
1037 2657 1116 2730 circa
1133 2675 1192 2715 au·

85 2784 166 2824 num
179 2768 254 2841 627,
285 2785 345 2847 quc
365 2776 501 2847 tempore
515 2766 671 2827 Heraclius
691 2768 802 2826 iterum
820 2767 854 2823 in
867 2761 1024 2825 Persidem
1038 2761 1191 2843 profectus

86 2864 255 2927 ehosroam
267 2869 389 2948 penitus
404 2868 522 2933 devicit.
566 2866 703 2929 hortatur
715 2870 798 2928 enim
810 2868 908 2927 filium
928 2887 960 2928 v·
976 2868 1055 2941 112,
1076 2874 1111 2923 ut
1124 2862 1191 2921 elo·

85 2968 231 3051 quentiae
244 2969 344 3031 studio
357 2974 527 3049 incumbat,
550 2991 609 3054 qua
620 2974 755 3033 munitus
769 2972 865 3053 possit
877 2970 956 3050 patri
970 2964 1074 3027 reduci
1085 2973 1190 3043 gratae

86 3072 148 3130 lari
158 3072 283 3153 eiusque
295 3077 454 3151 virtutem,
484 3085 514 3135 et
534 3076 679 3154 pietatem
698 3070 925 3134 commendare:
949 3062 1020 3133 dtt’
1040 3060 1192 3148 ιιῗτρηιίζι

83 3178 145 3239 scd
161 3168 252 3257 λόγον
271 3172 329 3257 τὴν
343 3171 473 3253 doside,
503 3170 587 3253 istoc
604 3172 663 3262 πρὸ
682 3171 808 3241 πάντων
830 3171 963 3260 opacae
979 3160 1193 3252 osmondus

84 3272 216 3361 φράζων.
239 3277 375 3355 ἰκείνονς
394 3284 452 3345 τοῦ
467 3274 582 3363 πατρός
603 3300 659 3347 ccc
681 3276 755 3357 toda
772 3273 892 3354 πόνους
913 3272 968 3353 ode
982 3266 1050 3338 cini
1064 3265 1192 3337 nciam

83 3378 200 3445 ἱκτελεῖ
212 3376 291 3445 καθ’
303 3380 430 3467 ἡμέραν.

172 3485 205 3551 6·
247 3475 491 3569 iiipasisdeiisos
504 3484 550 3561 εἰς
563 3482 621 3569 τήν
635 3487 752 3551 veitice
771 3488 891 3551 moises
902 3486 960 3549 sod
975 3473 1119 3564 Xocpdco
1135 3476 1195 3559 tio-

83 3585 202 3663 celime.
244 3588 486 3649 Hwaelrieeaivs
502 3588 539 3649 ds
553 3600 678 3649 extremo
702 3590 1028 3653 ChoerooePereansm
1046 3583 1127 3663 regis
1142 3600 1195 3639 ex-

83 3692 174 3751 sidio.
222 3688 299 3753 duae
312 3702 383 3753 suut
393 3693 549 3767 Acroases,
569 3693 602 3750 in
616 3691 726 3774 quibus
736 3692 840 3753 Pisida
854 3693 963 3771 raptim
976 3697 1007 3748 et
1019 3686 1131 3747 cursim
1143 3700 1192 3744 res
1207 3703 1237 3761 p.
1251 3684 1320 3744 nv

83 3812 194 3855 omnes
214 3795 252 3855 ab
272 3796 413 3857 Heraclio
434 3776 512 3855 eum¹
527 3792 610 3854 domi
630 3806 697 3855 tum
717 3795 800 3855 bello
819 3805 920 3873 gestas
940 3798 1079 3866 enarrat,
1115 3804 1195 3869 quaa

83 3918 177 3958 eausa
195 3900 305 3979 opinor
323 3900 383 3959 fuit
401 3909 436 3959 ut
449 3898 655 3985 Heroelsitdce
674 3898 799 3959 titulum
817 3900 892 3979 ipsis
912 3897 1097 3977 imponeret:
1119 3904 1196 3947 nm

82 3998 172 4081 qnod
183 3998 231 4081 ad
251 4002 390 4063 ultimam
408 3999 527 4063 cladem
540 3988 691 4063 Cliosroae
704 4002 755 4061 vel
768 3998 810 4059 ad
819 3997 988 4060 secuudum
1000 4002 1103 4055 contra
1117 3991 1194 4052 Por-

82 4122 134 4163 sas
146 4104 265 4163 bellum
279 4116 412 4186 spectat,
434 4103 468 4165 id
479 4102 604 4187 quidem
615 4107 689 4165 satis
703 4104 811 4164 leviter
825 4103 963 4181 attingit,
988 4095 1128 4181 quamvis
1142 4092 1195 4155 bic

82 4208 128 4265 sit
135 4210 317 4289 praecipuus
330 4210 500 4290 argumenti
512 4228 622 4290 scopus
636 4218 728 4290 atque
740 4207 820 4269 illac
831 4224 850 4267 a
863 4202 1010 4287 principio
1023 4215 1196 4262 sermonem
