2792 4709
351 227 666 302 suculentos
691 232 883 305 sornnn
1116 242 1165 315 83

59 405 148 499 ptem
175 394 262 455 milia
289 394 437 456 librarum
466 395 648 478 pependisse
671 409 703 460 et
726 401 763 460 ab
786 398 916 464 Arcadio
944 402 1006 467 filio
1035 417 1166 471 arenam

57 480 200 630 1³10an
242 566 383 623 Excitata
402 566 495 645 igitur
514 568 590 628 aede
608 568 762 651 Sophiam
780 568 937 655 dirutaque
950 572 1165 639 Theodosiana

59 661 176 726 natue,
199 651 268 710 loco
280 653 376 730 ipsius
389 668 477 711 suam
493 666 663 735 equestrem
679 654 824 735 imposuit
840 661 1038 736 Iustinianus,
1061 682 1101 721 ex
1114 674 1164 723 te·

60 739 141 816 gulis
164 738 260 795 aereis
280 739 425 797 ineuntis
440 741 613 800 combustae
628 739 755 801 chalcos
773 744 946 819 conflatam,
969 765 1047 807 anno
1061 749 1163 827 impe-
1242 788 1245 793 ·

59 826 96 880 rii
114 825 169 886 17.
210 820 431 901 Theophanes:
451 829 496 909 τῷ
515 820 598 911 crispi
621 826 678 889 ἔσει
695 824 859 909 ἐπληρώθη
876 828 1037 909 ὄχολκοῦς
1052 832 1163 897 stood

59 906 154 989 μέγας
175 908 306 984 πλησίον
323 911 380 969 τοῦ
399 911 564 985 παιστέον,
586 906 776 993 ὅληόμενος
790 908 997 995 Αὕγονστενῖς,
1018 916 1070 978 ναὶ
1084 913 1162 999 ν’νη-

57 991 158 1071 ’itin
178 989 203 1071 ἦ
223 986 318 1071 στήλη
335 997 393 1054 τοῦ
412 994 557 1073 βασιλέως
573 990 787 1059 ’Ῑονσνννιννοῦ
804 998 947 1075 lutense.
988 1002 1047 1060 fnit
1061 1014 1163 1063 antem

56 1081 157 1158 χαλκῆ
174 1078 358 1135 vestibulum
376 1082 480 1158 magni
497 1082 602 1160 palatii
622 1101 657 1140 ac
673 1084 855 1158 triclinium,
875 1104 931 1163 per
942 1084 1024 1166 quod
1037 1088 1070 1144 in
1085 1086 1164 1148 illud

57 1164 175 1237 ibatur,
197 1165 242 1221 sic
262 1164 464 1241 appellatum,
486 1163 569 1246 quod
588 1170 683 1227 aereis
701 1170 810 1247 tegnlis
824 1180 937 1228 tectum
953 1180 1041 1230 esset.
1083 1171 1164 1232 illud

56 1251 238 1309 Anastasius
260 1249 440 1327 imperator,
471 1250 614 1311 Aetherio
638 1250 799 1313 architecto
824 1256 1006 1333 peritissimo
1026 1276 1114 1333 usus,
1143 1278 1163 1317 a

56 1332 266 1392 fundamentis
280 1336 464 1393 excitaverat
481 1347 512 1394 et
526 1340 559 1395 in
574 1336 782 1396 admirandam
798 1339 987 1399 altitudinem
1004 1340 1161 1419 eduxerat,

57 1430 91 1477 ut
104 1419 194 1477 docet
207 1421 403 1498 epigramma,
425 1419 506 1501 quod
519 1419 691 1482 habeturin
704 1422 887 1505 Anthologia
901 1424 988 1489 (inb
1009 1428 1061 1489 23.
1104 1447 1165 1486 no-

56 1508 150 1562 minis
170 1508 319 1562 rationem
343 1504 442 1563 firmat
460 1504 629 1583 cedrenus,
651 1510 783 1568 scribens
802 1512 844 1568 ita
862 1512 1048 1591 appellatum
1062 1507 1114 1574 ded
1127 1506 1165 1575 td

56 1589 90 1653 iz
107 1593 230 1667 χαλκοῖν
243 1586 386 1669 κεράμων
397 1592 633 1671 κεχρυσωμένων
646 1592 835 1675 ὃστεγάσθαι.
879 1616 948 1655 cum
964 1616 1053 1677 porro
1067 1600 1099 1655 in
1112 1616 1166 1655 se-

57 1672 173 1733 ditione
182 1676 431 1750 victoriatorum,
452 1686 488 1734 ut
505 1680 596 1736 estin
609 1676 679 1737 chr.
692 1678 915 1756 Alexandrino,
938 1683 1162 1760 conflagrasset,

55 1758 136 1821 illud
150 1779 268 1818 rursum
280 1762 457 1819 instauravit
468 1771 498 1819 et
510 1764 543 1820 in
555 1766 686 1842 priorem
698 1764 889 1824 altitudinem
904 1764 1009 1825 eduxit
1020 1770 1165 1825 Iustinia-

55 1866 134 1919 nns,
157 1843 416 1926 quemadmodum
429 1847 521 1905 refert
527 1846 713 1929 Procopius,
736 1870 753 1910 a
769 1870 829 1933 quo
843 1871 958 1911 norum
971 1849 1053 1909 istud
1067 1852 1164 1910 tricli-

55 1934 143 1988 nium
165 1930 343 1989 describitur
364 1929 402 1988 de
422 1929 524 1991 Aedif.
547 1938 563 1995 1
590 1936 640 1999 10.
693 1946 824 1995 metuam
844 1956 915 1996 varo
937 1939 1163 2013 Iustiniaueam,

55 2034 135 2096 qnae
156 2018 325 2074 irnmensae
344 2018 435 2077 molis
451 2028 481 2077 et
496 2018 663 2078 altitudinis
683 2023 817 2098 exstitit,
840 2018 1012 2080 describunt
1027 2022 1165 2100 pluribus

55 2100 141 2159 idem
157 2103 323 2180 Procopius
341 2104 356 2163 1
379 2106 415 2175 2,
438 2113 469 2160 et
490 2122 531 2161 ex
551 2124 587 2163 eo
607 2103 808 2186 Pachymeres
829 2109 861 2165 in
884 2100 1165 2187 dspoddrrAdyou-

54 2191 214 2262 παιῶνος,
236 2206 328 2268 quam
344 2188 406 2265 legi
419 2188 452 2245 in
465 2206 512 2247 ms
527 2188 727 2249 bibliothecae
742 2194 865 2271 Regiae,
887 2189 1072 2272 Nicephorus
1086 2193 1165 2251 Gre-

55 2273 234 2351 gornaii,
257 2274 310 2353 qui
324 2274 407 2331 illius
424 2271 626 2333 dimensiones
642 2280 795 2350 exaravit,
818 2274 1002 2355 Nicephorus
1021 2277 1163 2337 Callistus

54 2361 86 2415 in
105 2359 264 2438 prooemio
281 2360 358 2417 llist.
372 2378 403 2437 p.
421 2360 478 2430 16,
501 2362 629 2419 loannes
642 2364 769 2421 'l'zetzes
786 2359 866 2420 chit.
881 2366 900 2426 8
921 2360 1044 2433 n.184‚
1069 2359 1164 2420 eodi-

54 2462 127 2516 nus,
152 2442 322 2501 Gulielmns
346 2442 385 2501 de
405 2442 588 2503 Baldenzeel
605 2448 638 2502 in
654 2446 862 2526 Hodoepon'co
879 2466 909 2525 p.
927 2449 1004 2517 103,
1026 2444 1163 2503 Bondel-

54 2530 189 2587 montius
208 2529 243 2584 in
262 2525 400 2608 descript.
421 2530 486 2604 GP,
510 2539 541 2588 et
561 2530 679 2607 Gyllius
699 2536 720 2594 2
743 2534 793 2594 17.
837 2551 878 2589 ex
898 2526 1058 2611 praedictis
1073 2548 1163 2609 porro

54 2613 252 2693 scriptoribus
266 2616 387 2672 Graecis
401 2614 498 2694 liquet
512 2625 629 2673 statuae
643 2617 721 2696 ipsi,
741 2614 868 2696 perinde
882 2634 918 2674 ac
932 2617 1013 2690 foro,
1035 2610 1163 2699 Αὐγου-

54 2702 206 2773 στσνῶνος
222 2718 333 2757 nomen
350 2696 481 2757 inditum
497 2700 601 2759 inisse.

141 2784 196 2847 25.
237 2786 300 2843 Tot
313 2786 406 2863 igitur
420 2786 573 2864 praeclara
586 2784 735 2843 vestibula
751 2794 781 2843 et
795 2786 886 2860 atria,
908 2794 953 2843 tot
977 2785 1112 2865 insignes
1126 2803 1161 2845 ac
1178 2798 1201 2856 p
1219 2800 1272 2859 542

53 2888 241 2932 marmoreae
262 2872 393 2950 porticus
415 2868 484 2929 aedi
504 2874 564 2949 ipsi
586 2872 697 2949 partim
720 2871 910 2931 obversantes
927 2872 1036 2950 partim
1052 2870 1164 2929 adiun-

55 2966 138 3032 ctae,
160 2958 233 3014 satis
253 2954 406 3013 declarant
424 2968 570 3035 quantum
586 2954 676 3014 aedes
694 2958 761 3034 ipsa
773 2959 855 3015 intus
871 2958 1021 3014 contineat
1036 2957 1163 3034 elegan-

54 3044 114 3099 tiae
139 3058 176 3099 ac
198 3039 328 3115 decoris,
352 3051 382 3098 et
406 3050 441 3099 ut
461 3042 561 3101 verbis
583 3052 652 3099 utar
673 3042 814 3120 Procopii
832 3040 869 3099 de
887 3042 1161 3119 Hierosolymitano

54 3124 197 3206 deiparae
209 3126 323 3205 templo
337 3126 511 3201 scribentis,
533 3121 684 3205 μηνύουσι
700 3132 764 3198 τοῖς
780 3126 838 3187 ἔσω
852 3126 953 3187 ἰοῦσιν
971 3123 1068 3209 ὁποίῳ
1083 3118 1161 3186 θεά·

53 3236 126 3292 μανι
147 3210 280 3291 ἐντυχεῖν
300 3210 454 3291 μέλλουσι,
485 3222 520 3270 ut
543 3231 613 3269 vero
638 3212 763 3269 Eusebii
787 3209 825 3269 de
846 3211 909 3268 rita
932 3211 1034 3268 Cenat.
1061 3214 1080 3275 8
1107 3212 1160 3287 88,

53 3303 118 3369 τοῖς
142 3292 200 3375 τήν
221 3291 307 3370 lurda
327 3298 456 3376 πορείαν
472 3294 668 3375 πονουμένοις
684 3290 927 3375 καταπληκτικήν
944 3300 1088 3375 παρεῖχον
1103 3290 1162 3374 τὴν

53 3385 115 3443 sais
143 3380 233 3443 ἔνδον
256 3378 414 3463 ὁρωμένην
437 3378 534 3458 θέον,
556 3381 664 3461 quibus
682 3380 832 3460 quaedam
854 3391 1052 3439 consentanea
1070 3378 1162 3439 habet

53 3471 133 3526 Eist.
152 3468 193 3530 10
213 3466 243 3528 l.
287 3486 356 3525 cum
377 3484 447 3544 ergo
466 3486 557 3524 nemo
574 3469 629 3540 sit,
653 3469 702 3524 cui
716 3465 764 3525 his
778 3467 941 3547 perspectis
955 3477 1006 3523 aut
1020 3466 1161 3544 perlectis

53 3554 158 3610 nescio
179 3548 261 3631 quod
278 3553 381 3610 animo
403 3570 465 3609 non
486 3552 639 3611 oboriatur
653 3560 719 3609 tam
735 3550 848 3628 grande
869 3552 1049 3609 miraculum
1065 3552 1161 3611 oculis

53 3634 221 3717 usurpandi
240 3634 441 3712 desiderium,
462 3646 528 3695 tum
547 3646 582 3695 ut
602 3635 693 3695 huius
712 3638 790 3694 liber
805 3647 907 3715 pateat
921 3634 1035 3710 aditus,
1056 3646 1161 3715 portae

53 3723 139 3781 aedis
162 3720 342 3800 aperiendae
361 3732 442 3781 sunt.
483 3724 586 3801 plures
609 3732 712 3779 autem
731 3732 865 3801 prostant
884 3725 1066 3795 etiamnum,
1088 3722 1161 3800 plu-

53 3828 164 3889 resque
184 3810 327 3867 exstitere
348 3808 441 3884 olim,
461 3806 495 3865 in
517 3816 658 3887 quattuor
676 3808 784 3886 templi
802 3808 964 3881 lateribus,
988 3808 1014 3866 si
1033 3808 1159 3887 quibus-

53 3893 127 3953 dam
150 3895 311 3952 neotericis
331 3891 417 3951 fides.
460 3894 498 3950 ab
523 3890 677 3957 occidente
698 3896 796 3967 enim,
818 3912 878 3973 qua
892 3895 1043 3950 maximus
1060 3890 1159 3949 aditus

51 3981 137 4039 illius
152 3989 214 4053 est,
235 3998 347 4037 novem
364 3978 459 4057 portis
475 3976 554 4036 illud
570 3980 678 4052 initur,
703 3987 736 4035 ut
752 3988 856 4036 auctor
870 3988 916 4037 est
929 3978 1058 4057 Gyllius.
1102 3974 1160 4033 ha-

52 4084 121 4123 rum
144 4082 308 4122 numerum
328 4083 392 4122 non
415 4066 566 4144 expressit
586 4064 793 4122 silentiarius:
816 4060 870 4122 sed
883 4082 951 4121 curn
965 4061 1091 4120 dixisset
1105 4078 1160 4118 re·

52 4151 200 4209 stibulum
227 4168 283 4207 seu
310 4151 459 4229 porticum
481 4146 699 4208 occidentalem
724 4144 836 4208 habere
855 4158 971 4228 septem
995 4155 1111 4226 portas,
1143 4166 1160 4203 e

53 4237 165 4317 quibus
186 4253 247 4294 una
267 4232 307 4292 ad
326 4232 485 4293 meridiem
507 4236 599 4295 altera
618 4231 658 4291 ad
672 4236 909 4313 septentrionem
924 4242 1054 4311 prostat,
1076 4228 1160 4289 addit
