2792 4709
375 126 433 195 AD
457 123 917 199 110111011110111
1127 132 1201 205 103

67 292 165 355 feria
188 296 211 359 8
235 291 374 375 Crispum
396 297 430 353 in
450 294 592 355 olerloum
611 290 782 357 teronem.
822 292 1014 361 homnine
1030 306 1076 359 est
1092 296 1200 361 eodem
1215 306 1239 363 Ρ
1254 306 1289 365 61

70 399 169 439 anuo
185 378 269 455 612,
291 378 398 441 ludiot.
414 382 433 445 1
450 382 514 441 lam
529 378 680 441 inohoata.

175 484 210 543 p.
222 466 243 527 7
257 484 288 525 v·
304 464 355 529 14.
397 462 417 529 6
432 463 537 540 κάκας
552 463 709 549 Κρίσπος]
732 462 920 527 observanda
930 462 1007 525 hseo
1019 467 1200 547 appellatio·

70 552 131 608 nis
151 550 299 610 formula.
342 570 453 631 papam
466 561 571 629 vorat,
591 560 627 611 ut
646 553 768 631 opinor,
793 549 876 633 quod
892 554 926 611 in
943 553 1085 613 clericum
1098 563 1200 614 atton-

74 655 137 695 sus
154 646 248 694 esset.
293 636 407 719 alioqui
419 636 492 698 solis
505 636 696 717 pontifioibus
709 656 806 716 papae
816 656 929 697 nomen
941 639 1128 697 attributum.

174 718 219 779 ib.
235 741 265 779 r.
280 724 329 785 19.
372 717 406 784 sd
430 717 593 805 λεγόμενον
614 725 672 803 τῆς
692 716 823 803 Χάρας]
842 724 998 801 proprium
1017 742 1129 783 nomen
1150 734 1198 783 est

74 798 200 885 χοίρας.
244 804 414 866 cedrenus:
435 814 520 873 ποιεῖ
541 798 599 871 odo
619 802 716 871 ου’τάυ
736 805 898 888 utensis,
919 806 973 869 καί
994 805 1029 871 iv
1050 812 1091 893 τῇ
1112 811 1197 893 μονῇ

76 894 143 969 τῆς
158 883 270 969 Χάρας
284 892 461 973 περιορίζτι,
481 902 516 953 ut
531 902 562 952 et
573 890 656 973 apud
668 892 855 973 Synoellum.
897 889 957 952 heo
971 902 1018 952 est
1028 895 1063 952 irs
1079 892 1196 953 esem

79 978 270 1033 monasterti>
292 976 418 1037 olandia
462 996 520 1037 neo
545 988 625 1037 reete
654 976 812 1057 Xylander
837 976 936 1035 solum
961 988 1073 1037 vertere
1099 976 1191 1039 iasbet.

76 1056 296 1139 Theophanes
311 1064 344 1120 in
361 1081 387 1121 a.
404 1067 424 1127 8
438 1062 622 1144 copronymi
638 1064 814 1123 monasterii
830 1060 922 1123 haim
937 1064 1087 1123 meminit.

172 1165 206 1287 66
209 1147 327 1295 8:72
353 1146 462 1314 iilldd
461 1144 756 1317 qqtqzvdoffihiffi
767 1145 947 1296 611616161οἲ
945 1169 1072 1293 hoster
1085 1228 1193 1291 Eudo-

81 1316 151 1391 οἱα,
175 1317 222 1375 uti
235 1318 367 1377 scribunt
381 1316 534 1378 cedrenus
550 1330 580 1377 et
595 1315 818 1398 Theophanes,
840 1320 895 1400 qui
908 1315 990 1377 diem
1003 1328 1094 1398 atque
1105 1314 1193 1376 Indi·

81 1403 221 1459 otionem
242 1399 381 1479 adnotat,
404 1406 534 1483 Augusti
550 1400 605 1478 14,
627 1402 734 1462 Indiot.
749 1404 801 1467 15.
844 1403 1107 1483 promissam,
1128 1421 1193 1461 non

83 1482 294 1563 mrteoedanti,
317 1497 353 1546 ut
373 1508 531 1569 perperam
545 1486 776 1570 ohrouographi.
818 1491 965 1549 consentit
982 1489 1074 1548 alex.
1092 1484 1192 1547 Chro-

82 1574 199 1647 nioon,
222 1570 306 1653 quod
321 1569 362 1631 ad
375 1572 574 1635 indictionem
588 1576 710 1649 attinet,
734 1593 792 1633 neo
809 1572 848 1633 de
864 1571 914 1632 die
928 1574 1061 1635 mulmm
1075 1570 1192 1632 disere-

84 1666 160 1735 pet:
189 1662 229 1743 τῇ
257 1651 293 1738 ιγ’
321 1662 378 1722 τοῦ
403 1652 583 1741 Αάγοάστου
600 1654 711 1740 μηνός,
740 1662 796 1739 τῆς
816 1652 912 1740 oderis
932 1655 964 1721 ιε’
984 1651 1191 1736 Ἰνδικτιῶυος,

84 1739 187 1827 ἡμέρᾳ
207 1740 321 1829 πράτρ.
370 1744 398 1805 si
418 1746 548 1823 Augusti
570 1748 628 1820 18,
658 1742 809 1804 dominico
828 1742 878 1803 die
901 1744 991 1819 obiit,
1018 1744 1110 1823 plene
1130 1740 1191 1804 hoo

86 1846 168 1885 anno
188 1829 267 1903 612,
291 1830 375 1908 oyolo
393 1831 465 1889 solis
479 1829 518 1906 5,
540 1831 628 1889 litera
647 1828 761 1889 domin.
779 1831 819 1890 A.
862 1830 917 1911 qui
935 1848 1014 1887 anno
1035 1830 1191 1908 superiore

85 1923 237 1971 mortuam
250 1915 336 1973 illam
349 1915 498 1989 scribunt,
520 1915 567 1973 bis
582 1935 650 1973 eam
661 1918 813 1995 peperisse
827 1934 890 1975 nou
904 1911 1190 1990 animadverterunt,

86 2014 189 2079 neque
206 2010 274 2057 ante
289 2000 448 2060 Ootohrem
464 2001 536 2058 anni
548 2000 611 2066 610
624 2002 764 2060 Heroolio
776 2002 924 2081 nupsisse.

173 2102 204 2161 p·
220 2088 240 2147 9
256 2106 284 2143 v.
299 2090 330 2149 7.
373 2081 405 2148 τί
420 2078 575 2166 άμφίυον]
598 2083 778 2145 schedarum
789 2104 897 2166 puram
909 2094 1014 2165 putam
1028 2082 1190 2142 lectionem

88 2170 308 2247 expressimus,
331 2170 387 2229 etsi
400 2190 461 2229 non
477 2167 650 2229 dubitamus
663 2171 737 2250 quin
751 2166 869 2251 άμφιου
883 2167 1125 2229 substituendum
1138 2170 1189 2229 sit.

89 2272 149 2335 qua
166 2272 238 2312 voce
254 2258 333 2313 inter
348 2265 461 2314 eeteros
476 2272 550 2313 usus
566 2265 611 2315 est
625 2255 775 2314 Macarius
790 2255 880 2313 Hom.
895 2256 931 2317 1:
955 2252 1008 2316 καί
1021 2247 1191 2339 άμφιασθῇ

88 2336 123 2401 ἐκ
138 2341 189 2420 τῆς
203 2336 349 2420 θεότητος
362 2336 476 2421 ἄρρητα
495 2334 595 2418 άμφια
606 2332 752 2420 οάρανίου
766 2337 906 2412 κάλλους.

174 2422 214 2482 ib.
231 2445 261 2483 v.
278 2428 328 2487 16.
371 2420 413 2504 μή
435 2423 521 2502 δίκης
539 2420 652 2504 τυχόν]
679 2434 711 2482 et
732 2422 784 2484 hio
806 2436 836 2483 et
855 2424 929 2483 alibi
942 2421 1057 2502 passim
1070 2419 1188 2480 defecta

90 2510 202 2589 aliquot
226 2510 380 2591 particulis
403 2529 438 2571 ao
460 2508 575 2591 copulis
595 2511 701 2571 oratio.
749 2508 784 2569 id
804 2506 886 2592 quod
907 2508 1004 2570 semel
1023 2504 1187 2566 admonere

88 2597 160 2655 saus
178 2604 232 2653 est.

172 2701 202 2760 p·
217 2683 257 2745 10
273 2700 302 2738 v·
317 2685 345 2745 1.
388 2673 442 2743 τάυ
458 2677 663 2760 Βουτηίῖυον]
686 2681 803 2741 variant
823 2676 953 2739 schedae
970 2678 1005 2736 in
1025 2672 1116 2736 huius
1129 2693 1188 2733 no-

90 2765 177 2825 minis
192 2768 366 2846 seriptione,
387 2774 422 2825 ut
434 2766 553 2825 nescias
566 2766 756 2826 Vitulinusne
768 2785 807 2824 an
820 2766 985 2829 Betulenus
996 2771 1049 2821 aut
1061 2760 1188 2822 Vetule·

90 2870 147 2909 uus
160 2852 263 2910 hathre
278 2848 412 2933 quadret.
456 2850 567 2930 quippe
580 2852 605 2907 B
621 2852 742 2911 literam
752 2852 834 2911 varie
849 2861 931 2911 aetas
941 2850 995 2916 illa
1009 2847 1189 2928 pronuntio·

91 2939 151 3011 rit,
172 2934 208 2995 de
223 2956 283 3019 qus
298 2957 329 2996 re
343 2935 417 2993 alibi
432 2932 661 3015 disputavimus.

171 3021 210 3079 τ’ίι.
231 3043 260 3082 1.
278 3021 309 3086 l·
350 3015 523 3102 Ἡράκλειος
536 3016 568 3085 dl
582 3016 633 3083 τάν
645 3016 737 3099 vido}
756 3016 962 3100 Theophanes
983 3016 1035 3096 (p.
1046 3010 1111 3077 245
1124 3013 1188 3092 c)=

91 3100 184 3169 τοάτυ
203 3112 243 3193 τῷ
265 3105 322 3169 ἔτει
343 3104 417 3185 μηνὶ
435 3099 606 3189 Ὀκτωβρίῳ
623 3100 658 3183 d',
681 3106 738 3168 lvd.
756 3099 794 3181 α’,
816 3104 949 3181 ἒοτίφθη
964 3094 1188 3181 Modum}

91 3168 222 3275 θυγάτηρ
240 3189 416 3273 Ἡρακλείου
429 3187 492 3253 άττὸ
507 3192 635 3273 Στργίου
648 3185 833 3273 πατριάρχου
845 3180 1010 3270 Αάγοάστα
1027 3185 1062 3249 ἐν
1075 3188 1121 3268 τῷ
1135 3178 1188 3247 eo’·

92 3280 197 3363 mqqlp
219 3280 275 3341 τοῦ
298 3272 389 3359 άγίου
411 3270 574 3355 Στεφάνου
596 3276 629 3341 ίυ
652 3280 692 3361 τῷ
713 3274 858 3359 παίατίῳ.
899 3276 942 3358 τῷ
960 3268 995 3334 δὲ
1009 3271 1186 3353 Δεκεμβρίῳ

93 3356 231 3511 stit
246 3351 1186 3527 1111111111111111111111

94 3544 125 3593 at
145 3530 249 3593 (ihren.
267 3491 358 3593 Ale'x.
373 3531 578 3614 Epiphaniam
594 3494 766 3593 coronatism
790 3532 895 3590 asserit
914 3527 1023 3589 eadem
1040 3524 1147 3583 ludiot.
1165 3528 1181 3586 1

96 3629 124 3679 et
136 3620 193 3679 001.
207 3615 241 3694 l,
263 3619 339 3678 feris
353 3615 391 3693 4,
412 3617 467 3681 sed
481 3620 710 3678 Constantinum
725 3617 849 3676 nonnisi
863 3634 942 3676 anuo
957 3610 1095 3693 sequenti
1109 3612 1184 3684 ott,

95 3704 289 3779 1111111122,
313 3703 439 3769 111112.
480 3708 649 3765 necessario
672 3724 708 3763 eo
732 3700 816 3783 quod
830 3700 896 3759 dixi
912 3717 1008 3773 enno,
1031 3696 1115 3775 oyolo
1131 3713 1185 3753 so-

96 3792 133 3850 lis
145 3794 177 3863 6,
196 3790 275 3847 liter.
292 3786 373 3848 dom.
390 3790 427 3847 G.
471 3809 513 3849 ex
535 3810 595 3869 quo
617 3788 665 3847 die
686 3790 719 3846 in
739 3789 813 3846 attis
831 3784 962 3844 adscribi
975 3783 1073 3860 eoepit
1087 3799 1184 3839 annus

96 3876 201 3955 primus
212 3876 344 3934 Heraclii
354 3875 490 3935 iunioris.
534 3872 587 3933 hio
601 3876 685 3934 locus
699 3874 771 3955 quia
785 3868 825 3931 ad
836 3869 927 3929 huius
941 3866 1083 3927 historiae
1098 3858 1186 3946 διάρ·

98 3968 205 4043 epoto
225 3980 409 4041 magnopere
426 3962 571 4039 pertinet,
603 3958 653 4018 hio
674 3956 890 4019 subiiciendus.
932 3952 985 4017 καί
1008 3944 1065 4014 άιε’
1089 3944 1185 4029 αάτῆς

99 4040 206 4128 111116
224 4050 279 4110 τοῦ
297 4040 484 4128 Ἰανουαρίου
505 4042 602 4127 μηνός
621 4039 772 4127 ἐπετράπη
788 4039 966 4126 γράφεσθαι
984 4032 1058 4119 μετά
1077 4032 1111 4099 sd
1128 4029 1185 4115 (ία

101 4124 236 4213 ὀνόματι)
259 4130 410 4215 βασιλείας
427 4134 486 4195 τῶν
506 4124 673 4195 θειοτάτων
692 4127 783 4213 ἡμῶν
801 4129 955 4228 δισσοτάρι
971 4121 1023 4189 καί
1038 4122 1185 4207 μεγίσταν
