2792 4709
260 720 558 817 cenom
599 724 698 815 nu
741 681 1072 839 unu‘suu'

179 889 539 984 DOMINI
608 892 723 983 DU
795 894 1103 988 CANGE

423 1072 867 1141 unanimo,

546 1250 748 1263 Um

97 1368 190 1481 Cum
217 1406 324 1470 affecta
350 1412 413 1470 iam
440 1420 518 1472 esset
545 1422 576 1473 et
604 1409 644 1473 ad
666 1411 845 1493 umbilicum
865 1410 1010 1495 perducta
1034 1409 1195 1473 voluminis
1211 1411 1301 1468 1‘497

91 1530 181 1593 istiue
194 1524 229 1611 *)
248 1530 356 1619 editio²
379 1543 546 1613 opportune
558 1534 695 1615 pervenit
709 1535 743 1593 in
753 1552 863 1594 manua
873 1552 957 1593 meas
969 1534 1076 1613 templi
1087 1532 1120 1591 S.
1134 1533 1194 1593 So-

92 1646 184 1730 phiae
206 1648 368 1735 eppone,
390 1672 408 1711 a
427 1652 523 1711 Paulo
547 1653 719 1715 silentiario
741 1655 873 1715 cannino
891 1650 1013 1713 heroico
1032 1661 1062 1711 et
1076 1652 1196 1733 perele-

92 1770 177 1849 ganti
199 1780 342 1858 exarata²
369 1788 462 1853 quam
482 1769 622 1854 quidem,
650 1774 722 1831 licet
742 1770 782 1832 ad
803 1768 960 1831 historiam
983 1772 1198 1831 comnenicam

93 1890 197 1951 minan
221 1890 368 1971 pertinere
392 1892 446 1949 illa
465 1888 620 1967 rideatur,
653 1892 964 1951 commentatiunculis
984 1894 1050 1951 istis
1067 1894 1197 1951 interse-

94 2028 160 2069 rere
175 2004 260 2069 haud
276 2010 410 2071 alienrun
424 2010 540 2091 putari.
583 2029 656 2069 nam
672 2019 884 2095 praeterquam
904 2008 986 2094 quod
1004 2010 1198 2092 scriptoribus

93 2127 149 2210 qui
170 2148 219 2188 res
242 2128 424 2214 Byzantinus
445 2131 634 2191 illustrarunt
654 2132 768 2191 Paulae
791 2142 983 2209 accensetur,
1013 2128 1200 2212 proindeque

94 2267 137 2307 ex
159 2268 264 2307 eorum
287 2248 383 2309 classe
403 2260 449 2310 est
471 2252 524 2333 qul
539 2252 649 2333 Regios
663 2262 753 2335 typos
769 2260 961 2333 exspectant,
986 2260 1052 2310 tum
1063 2249 1199 2308 maxima

93 2386 160 2427 rem
184 2366 345 2429 lectoribus
368 2368 533 2429 iucundam
556 2368 682 2453 perinde
706 2391 742 2431 ao
763 2371 871 2433 utilem
889 2370 1041 2431 factunm
1059 2388 1109 2426 me
1130 2385 1200 2427 sum

92 2485 241 2565 confisus,
263 2488 291 2547 si
306 2489 453 2547 eximium
466 2487 549 2550 istud
562 2496 689 2571 poema,
711 2490 858 2571 cpoleos,
879 2491 963 2548 cuius
978 2484 1132 2567 Sophiana
1145 2504 1199 2543 ae-

93 2602 151 2667 des
175 2606 370 2687 praecipuum
395 2606 471 2667 olim
490 2608 549 2665 fuit
570 2619 676 2691 estque
694 2605 788 2667 hodie
811 2616 1036 2684 ornamentum,
1064 2602 1200 2667 Bondel-

93 2727 272 2785 montianae
295 2722 488 2807 descriptioni
507 2722 559 2807 Ι”“)
590 2723 796 2807 adiungerem.
845 2722 925 2785 hano
945 2735 1046 2786 autem
1064 2724 1198 2785 celeber-

94 2845 165 2903 rimi
181 2844 289 2926 templi
310 2842 474 2927 incruento,
496 2856 618 2907 curante
637 2848 803 2907 clarissimo
823 2848 888 2907 viro
911 2848 1042 2907 Antonio
1056 2846 1094 2905 de
1112 2844 1199 2926 lsyon

93 2962 140 3023 D.
160 2963 366 3037 d'Heronval,
385 2966 419 3025 in
439 2984 558 3026 mmera
581 2979 791 3051 computorum
810 2966 973 3034 Parisienei
985 2964 1136 3043 auditore,
1158 2960 1210 3036 ad

93 3102 144 3143 me
159 3085 326 3145 transmisit
341 3103 381 3143 ex
395 3104 451 3145 sna
466 3080 675 3169 depromptam
693 3082 877 3149 bibliotheca
892 3095 924 3144 et
937 3086 1041 3165 magni
1056 3082 1199 3145 Salmasii

92 3222 187 3265 manu
206 3224 248 3265 ex
262 3204 410 3287 Palatina?
420 3224 499 3265 anuo
521 3210 601 3273 1607
622 3206 803 3287 descriptam
821 3206 868 3265 vir
884 3204 1087 3286 amplissimus
1098 3201 1199 3263 Phili-

91 3320 197 3383 bertus
214 3321 252 3382 da
273 3322 306 3383 la
325 3326 430 3398 Mne,
458 3336 578 3386 senator
595 3328 805 3403 Divionerfls,
827 3324 866 3386 ob
889 3325 1075 3405 singularem
1094 3320 1199 3382 erudi-

92 3444 209 3502 tionem
228 3441 353 3523 perinde
374 3464 411 3504 ac
429 3446 509 3505 vitae
530 3447 734 3527 integritatem
753 3446 947 3520 notissimus,
970 3463 1005 3505 ac
1022 3444 1199 3525 praesertim

93 3560 222 3622 literatis
243 3562 400 3640 omnibus,
426 3564 536 3647 quibus
554 3586 707 3648 pronuper
727 3532 863 3626 eiusdem
880 3562 1021 3625 Salmasii
1038 3561 1200 3645 opusculo-

94 3698 162 3739 rum
181 3690 392 3761 postumorum
409 3680 550 3746 editionis
570 3704 658 3767 spem
676 3686 796 3762 iniecit,
823 3684 878 3765 qui
898 3680 1026 3743 huiusce
1052 3681 1199 3760 elegantia

92 3801 243 3878 poematis
256 3812 399 3884 excerpta
414 3802 530 3889 aliquot
542 3806 604 3865 iam
620 3814 709 3865 antea
724 3804 757 3865 in
771 3804 919 3865 Pliuiauis
936 3769 1199 3863 exercitationibus

162 4060 195 4131 1’)
229 4077 282 4133 quo
303 4058 448 4117 Cinnamus
467 4058 616 4116 continetur
632 4078 690 4115 cunr
706 4060 838 4132 Dacangii
854 4061 884 4114 in
900 4077 959 4115 eun
975 4066 1004 4114 et
1019 4054 1199 4127 Nicephorum

90 4148 260 4219 Brynmiun
275 4146 430 4219 Antiumque
445 4146 605 4203 Corduenam
622 4148 693 4203 notis
709 4147 845 4203 bintoriois
861 4154 889 4202 et
904 4142 1080 4218 philologieis.

161 4232 211 4304 ”)
246 4251 275 4289 v.
295 4232 462 4307 Nicephorus
477 4235 630 4307 liryeanius
646 4252 675 4307 p·
694 4234 858 4294 tat-tat.
