2792 4709
189 186 241 259 80
627 184 690 253 ΒΗ
714 180 856 253 canon

188 364 254 429 tur,
275 361 311 413 ut
325 361 356 411 et
366 344 449 429 apud
460 348 655 409 Anmtasinm
667 350 742 409 bibl.
758 350 790 409 in
803 348 961 409 Anastasio
969 366 995 407 11
1006 348 1057 408 1³1³
1069 358 1099 409 et
1111 350 1145 409 in
1159 351 1193 413 S.
1201 350 1306 434 Sym·
1381 328 1382 369 ¹

188 437 309 499 macho.
352 446 422 495 suut
440 438 523 493 enim
541 434 678 495 canthari
691 434 773 516 apud
788 437 953 515 Ulpianum
974 434 1056 515 (leg·
1073 436 1112 500 41
1133 433 1238 519 §2st
1260 438 1306 498 de
1381 438 1382 509 l

188 526 281 603 legat.
298 522 337 603 l)
359 539 506 601 aquarum
523 522 727 601 receptacula,
748 519 829 581 unde
854 540 950 601 aquae
973 532 1143 600 erumpunt.
1188 523 1306 583 eadem

188 613 281 688 igitur
306 610 429 665 notione
450 605 592 684 phialam
617 608 808 687 appellarunt
834 607 959 681 Graeci,
990 605 1073 687 quod
1092 608 1304 690 rqmphaeum
1381 620 1382 625 ’

188 696 364 756 Anutasius
379 693 412 749 in
426 690 459 749 S.
472 692 579 750 Hilaro
589 694 651 752 PP.
691 691 775 752 idem
787 692 933 751 Paulinus
944 694 1013 751 Nat.
1030 694 1088 758 10:

352 777 475 836 intersor
490 778 586 835 νανίἰσ
599 778 755 837 omatibus
772 798 844 835 areo
858 776 949 848 ridet,

354 862 436 921 laeta
449 882 539 940 super
553 866 651 931 umis,
672 874 703 921 et
714 873 820 943 aperto
832 862 900 921 lnce
913 862 1023 921 santis

341 947 515 1030 frontibus,
535 959 627 1027 etque
641 948 729 1027 infru
744 951 840 1007 niveis
851 948 991 1007 redimita
1007 945 1169 1022 cumnis,-

356 1034 445 1093 ναίω
459 1034 494 1090 irs
508 1035 637 1111 expuam
648 1034 830 1112 praelucens
844 1033 1009 1093 cantharus
1023 1042 1133 1106 metat,

356 1138 447 1199 quem
458 1118 625 1178 mnoelhto
639 1122 713 1199 tegit
725 1140 813 1177 aerea
825 1118 956 1177 ommino
969 1120 1071 1177 turnis.

357 1215 455 1263 cetera
466 1203 617 1281 desposrtis
628 1215 712 1263 stant
723 1224 799 1264 vasa
814 1203 870 1263 sub
883 1204 953 1261 ai're
965 1202 1048 1261 nudo

347 1288 527 1370 findculis,
544 1300 635 1369 grato
649 1292 733 1349 varis
747 1288 856 1370 quibua
869 1288 972 1347 ordine
977 1288 1056 1363 fixis

358 1374 481 1433 &ruet
494 1378 571 1433 arua
584 1395 673 1454 opus,
693 1374 944 1434 concordatum
960 1371 1091 1444 metalli,

357 1480 480 1539 unaque
492 1460 608 1548 diverso
618 1462 698 1539 fluit
711 1482 760 1520 ors
774 1460 918 1539 capacius
930 1458 1026 1517 unda.

193 1542 334 1605 meminit
349 1544 434 1603 idem
456 1547 669 1606 Constantinus
684 1566 711 1605 o.
725 1546 766 1611 69
779 1544 901 1625 phialae
917 1564 971 1604 seu
987 1543 1089 1605 balnei
1103 1540 1237 1601 Venetae
1248 1537 1302 1595 fa-

194 1632 318 1704 ctionis,
344 1639 374 1689 et
393 1631 515 1690 alterius
536 1625 657 1712 phialae
671 1634 815 1692 Prasinae
828 1632 983 1705 factionis,
1006 1640 1037 1688 et
1050 1627 1104 1686 lib.
1120 1623 1158 1684 de
1171 1622 1300 1683 Admin.
1381 1682 1382 1693 ,

191 1718 269 1794 imp.
283 1735 310 1774 o.
323 1716 364 1779 51
381 1717 443 1775 loci
456 1712 569 1793 φιάλας
581 1716 667 1792 dicti,
689 1720 722 1776 iu
739 1736 799 1798 quo
812 1714 924 1776 iudicia
936 1718 1015 1775 inter
1027 1714 1155 1791 remiges
1172 1728 1301 1768 exerce-
1381 1712 1382 1715 ’

191 1802 318 1875 bantrn3
339 1800 421 1861 unde
441 1802 526 1860 illius
544 1800 640 1861 iudex
661 1804 830 1881 praefectus
850 1801 970 1883 phialae
991 1800 1192 1871 vocitabatur,
1213 1796 1300 1853 illius

192 1887 270 1947 forte
283 1905 375 1966 quam
387 1885 592 1966 Theophanes
607 1909 640 1968 p.
652 1892 714 1953 307
729 1899 759 1947 et
776 1886 928 1947 cedrenus
940 1908 971 1967 p.
985 1886 1050 1951 442
1068 1904 1085 1945 a
1101 1882 1300 1942 Rhinotmeto

194 1975 357 2031 excitatam
371 1974 465 2033 tuisse
477 1973 611 2033 scribunt
626 1974 669 2047 εἰς
680 1970 717 2036 ω’
729 1979 881 2036 τελεῖσθαι
894 1972 957 2036 lusi
970 1970 1174 2047 σαξοδέξιμον.
1206 1965 1300 2025 huius

193 2061 286 2115 etiam
305 2062 421 2117 mentio
441 2068 488 2117 est
507 2058 588 2137 apud
607 2061 743 2118 Leonem
764 2061 1002 2117 Grammaticum
1020 2060 1053 2115 in
1071 2050 1245 2132 Theophila
1268 2062 1300 2110 et

192 2144 373 2220 Gregorium
392 2145 425 2201 in
444 2145 508 2202 vita
529 2144 563 2204 S.
585 2145 693 2203 Basilii
714 2146 842 2205 iunioris
864 2163 896 2203 n.
916 2144 968 2207 88.
1012 2154 1042 2201 at
1056 2138 1160 2220 phiala
1177 2140 1300 2218 proprie
1381 2188 1382 2195 ,

194 2226 304 2286 dicitur
326 2239 423 2286 totum
442 2226 521 2287 illud
543 2228 714 2289 aedificium
736 2250 795 2311 quo
819 2230 995 2309 cingebatur
1008 2240 1038 2287 et
1051 2226 1208 2305 tegebatur
1225 2242 1300 2281 can-
1381 2270 1382 2281 ,

194 2311 299 2372 thorus
316 2315 382 2392 ipse
397 2334 452 2373 seu
466 2333 614 2394 aquarum
628 2316 866 2395 receptaculum,
888 2312 971 2397 quod
985 2310 1018 2377 rb
1031 2312 1165 2395 ἔμβαδον
1179 2308 1232 2377 set
1245 2304 1300 2371 τὸν
1381 2316 1382 2325 ’

192 2397 338 2479 πυθμένα
361 2403 417 2477 τῆς
438 2393 552 2480 φιάλης
574 2412 661 2461 vocat
682 2400 766 2460 idem
788 2402 1018 2475 Constantinus,
1040 2390 1174 2478 ἔμβάνην
1190 2391 1300 2454 Theo-
1381 2424 1382 2437 ν

193 2482 310 2564 phanes
334 2494 365 2543 et
384 2484 621 2564 Euchologium,
642 2488 676 2546 in
698 2506 759 2568 quo
779 2498 809 2546 et
826 2487 1007 2567 νολνμβνῖον
1022 2492 1222 2562 nuncupatur.
1266 2482 1300 2536 in
1381 2494 1382 2521 ν

120 2605 122 2608 -
194 2572 289 2629 simili
307 2570 392 2629 labro
413 2574 558 2649 scripturn
569 2573 644 2631 olim
656 2592 777 2633 versum
790 2570 872 2632 hunc
884 2569 1107 2650 retrogradum,
1130 2568 1182 2649 qui
1201 2563 1302 2623 habe-

194 2666 246 2714 tur
264 2658 298 2713 in
318 2654 520 2733 Anthologia,
543 2656 625 2736 apud
646 2660 807 2717 Gruterum
826 2668 856 2716 et
871 2660 963 2731 alios,
986 2657 1086 2728 aiunt,
1107 2654 1204 2731 νίψον
1223 2644 1302 2711 civo-

195 2736 320 2821 μνίματα
333 2736 377 2818 μή
390 2739 488 2818 μόναν
503 2738 589 2816 ὄψιν.
624 2746 737 2822 quippe
752 2741 857 2801 fideles
871 2744 1046 2821 priusquam
1063 2736 1170 2797 aedem
1183 2754 1302 2796 sacram

194 2822 439 2903 ingrederentur,
461 2827 549 2905 aquis
560 2828 643 2900 istis,
666 2846 744 2907 quae
759 2847 778 2885 a
791 2826 944 2886 sacerdote
960 2824 1228 2901 benedicebantur,
1249 2822 1301 2880 fa-
1381 2896 1382 2899 Ἴ

195 2912 256 2971 cies
270 2918 301 2969 et
313 2928 422 2968 manus
434 2910 586 2971 lavabant.
629 2910 701 2969 hinc
713 2913 857 2972 Paulinus
874 2910 913 2971 ad
926 2912 1090 2972 Serenam:

360 3006 467 3053 sancta
481 2998 579 3055 ndens
585 2996 723 3076 formulis
735 2998 870 3056 interluit
882 3000 962 3056 atria
973 2996 1105 3076 lymphis

359 3080 537 3154 cantharus,
558 3084 783 3164 &tumensque
796 3106 906 3143 munros
921 3084 1008 3143 ῖαναι
1017 3102 1106 3140 amne
1117 3080 1266 3137 mintha-o.

195 3175 286 3247 atque
299 3162 359 3223 hae
371 3166 502 3225 lentium
515 3186 611 3248 aquae
626 3172 786 3248 quotannis
800 3174 833 3228 in
849 3172 1007 3250 pervigilio
1024 3184 1178 3229 sacrorum
1192 3162 1302 3223 Theo-

195 3249 393 3330 phaniorum‚
415 3250 567 3311 interdum
582 3256 698 3333 inipso
714 3256 790 3314 festo
809 3254 873 3331 die,
895 3254 1144 3315 consecrabantur
1158 3261 1189 3308 et
1203 3250 1301 3307 bene·
1381 3250 1382 3317 Τ

194 3334 389 3417 dicebantur,
412 3354 540 3416 quarum
563 3338 781 3401 benedictionis
802 3339 875 3401 ordo
895 3339 1024 3399 habetur
1040 3342 1072 3397 in
1089 3334 1300 3414 Eucbologio:
1381 3330 1382 3399 l

195 3420 277 3479 uude
290 3415 392 3483 νόσων
403 3416 606 3498 manasset,
623 3418 779 3505 δαιμόνων
793 3426 1010 3508 φνγαδεννικαί
1019 3422 1100 3504 apud
1112 3423 1302 3481 Clementem
1381 3428 1382 3437 ¹

194 3508 229 3564 in
244 3506 370 3564 constit.
385 3510 507 3587 Apost,
530 3506 688 3589 ἰαμντικὸν
699 3514 808 3591 ψυχῶν
824 3511 876 3573 sai
891 3504 1055 3591 σωμάτων,
1078 3509 1151 3567 alibi
1165 3505 1302 3587 ἆμαρτη-
1381 3518 1382 3543 l

195 3586 299 3672 μάτων
324 3586 486 3673 insieme,
509 3604 566 3654 eto.
598 3596 630 3653 in
655 3593 764 3655 eodem
784 3595 972 3676 Euchologio
998 3594 1148 3654 dictantur.
1190 3590 1302 3651 harum
1381 3602 1382 3677 ᾗ

193 3678 262 3736 loeo
286 3696 469 3754 sumessere,
497 3684 673 3759 praesertim
696 3680 778 3762 apud
802 3686 943 3757 Latinos,
966 3700 1042 3763 quae
1064 3683 1097 3738 in
1118 3679 1301 3759 templorum

193 3763 291 3821 valvis
311 3766 424 3842 exponi
442 3766 541 3824 solent
561 3768 700 3828 lustrales
718 3766 833 3844 undae,
854 3770 899 3827 uti
917 3768 970 3849 qui
985 3766 1022 3825 do
1037 3766 1143 3824 ritibus
1156 3764 1302 3824 ecclesia-

195 3850 278 3907 sticis
302 3850 447 3927 scripsere
472 3848 593 3930 pridem
614 3850 788 3912 docueruut.
832 3854 985 3912 enimvero
1009 3849 1091 3934 quod
1109 3850 1301 3910 silentiarius

196 3930 234 3992 de
254 3944 399 4013 perpetuo
421 3953 569 4015 aquarum
586 3936 758 4016 Sophiauae
777 3936 898 4018 phialae
915 3939 1062 3996 miraculo
1079 3936 1196 4013 subdit,
1218 3948 1250 3996 et
1266 3950 1301 3997 ut

195 4019 230 4075 in
255 4020 413 4097 pervigilio
442 4023 520 4079 sacri
537 4020 625 4095 festi,
651 4042 756 4081 mense
779 4042 871 4103 quem
890 4024 1093 4105 χρυσοχίτωνν
1114 4031 1217 4098 vocat,
1247 4044 1300 4083 aaa

197 4106 329 4164 vasculis
348 4102 474 4165 haustae
497 4117 528 4164 et
547 4125 566 4164 a
581 4106 671 4185 plebe
689 4106 859 4169 Christiana
878 4108 1002 4169 domum
1015 4119 1183 4190 asportatae
1199 4111 1302 4169 incor-

94 4197 117 4249 P
133 4194 187 4254 ato
201 4198 307 4269 ruptae
327 4200 485 4251 manerent
508 4192 654 4275 nulloque
675 4196 894 4277 corriperentur
912 4214 1035 4257 mucore
1058 4196 1108 4257 rel
1131 4194 1302 4277 putredine,
