2792 4709
370 214 427 282 AD
452 208 736 288 mcuruoatm
759 209 914 281 NOTAE.
1124 212 1197 285 105

92 392 142 445 est
160 378 198 460 4,
218 380 349 443 Heraclii
366 382 403 457 6,
424 376 535 441 Christi
557 378 636 454 616,
657 374 810 461 siquidem
829 396 861 457 p·
874 378 937 442 886
951 372 1016 438 kal.
1033 378 1198 440 116611116-

93 472 174 529 riam
194 472 214 533 2
236 470 329 529 161666
353 465 444 543 dicit3
475 485 586 545 nempe
609 466 693 544 cyclo
718 468 756 541 9,
784 465 873 523 litera
891 461 1005 524 domin.
1029 466 1063 525 c.
1105 467 1200 545 igitur

93 575 124 614 a.
148 555 182 613 c.
202 557 280 629 616,
308 550 416 615 indict.
439 549 476 627 4,
508 550 640 611 Heraclii
659 552 679 615 6
699 549 775 611 Sues
796 560 893 609 castra
914 548 955 609 ad
975 548 1200 611 chalcedonem

94 640 256 719 applicuit,
278 650 308 698 et
323 643 344 703 6
358 656 506 699 annorum
519 634 763 716 prochronismos
775 653 794 694 a
808 633 1044 717 chronographie
1058 648 1089 697 et
1100 635 1200 699 histo-

95 728 167 784 ricis
188 727 364 785 commissus
387 732 442 783 est.
483 742 555 783 nem
573 720 657 803 quod
669 723 716 781 illi
728 741 757 780 a.
770 722 904 781 Heraclii
923 727 978 798 12,
1000 720 1112 782 Christi
1126 728 1201 799 621,

94 812 177 886 uno,
198 821 233 870 ut
254 822 358 892 postea
379 807 666 882 demonstrabimus,
688 811 768 882 622,
792 826 829 866 ea
842 808 1003 886 contigisse
1016 810 1123 869 volunt
1132 818 1203 888 post

94 892 226 975 pascha,
248 897 360 955 fanum
381 892 454 955 iude
480 896 666 955 convincitur
687 890 771 973 quod
789 910 868 953 anno
887 895 1021 953 Heraclii
1040 900 1078 959 11
1096 898 1202 975 copiae

93 984 301 1041 1166666166
319 983 351 1041 16
375 983 479 1041 ,161616
499 998 541 1039 ex
559 980 681 1057 Europa
698 979 860 1038 translatae
875 990 954 1038 sunt.
999 978 1118 1039 utillud
1131 991 1202 1040 ante

95 1068 175 1127 Saue
197 1068 381 1148 colloquium
394 1068 570 1146 legatosque
583 1066 692 1125 missos
706 1064 773 1123 fieri
788 1084 851 1123 666
866 1067 979 1144 potuit,
999 1076 1034 1125 ut
1053 1085 1094 1125 ex
1110 1069 1202 1125 Nice-

94 1149 193 1232 phoro
212 1164 314 1213 nosue
333 1151 456 1213 evidens
475 1160 538 1211 est:
559 1148 696 1210 nondum
710 1153 792 1209 enim
805 1152 962 1211 Heraclius
976 1150 1203 1231 expeditionem

95 1236 266 1298 adornaret.
308 1258 381 1298 sane
399 1257 476 1319 quse
493 1235 532 1297 de
546 1236 630 1297 Saite
648 1234 800 1312 diximus,
822 1234 876 1296 diu
894 1246 963 1295 ente
981 1238 1114 1297 Heraclii
1129 1258 1204 1318 pro·

94 1324 257 1383 sectionem
277 1322 317 1383 ed
331 1321 554 1384 chalcedonem
568 1342 638 1381 cum
650 1325 831 1401 imperatore
843 1322 1040 1401 transegisse,
1064 1321 1203 1403 adstipu-

93 1409 223 1468 latorem
236 1407 349 1469 habent
363 1410 527 1489 Georgium
538 1409 725 1488 syncellum,
741 1428 782 1467 ex
795 1426 856 1489 qno
867 1406 1020 1468 cedrenus
1032 1410 1090 1467 ista
1101 1419 1204 1470 6666-

95 1495 180 1569 tnlit,
202 1493 256 1553 sed
270 1496 444 1571 nominum,
467 1492 505 1555 de
522 1513 582 1575 qus
598 1513 673 1554 mox
688 1491 926 1574 disputabimus,
948 1493 1094 1553 affinitate
1112 1493 1204 1555 dece-

94 1588 167 1659 ptus
180 1580 279 1641 alieno
289 1592 424 1661 tempore
436 1578 577 1639 reddidit.

181 1684 213 1744 p·
228 1669 269 1730 10
283 1686 313 1726 r.
329 1665 380 1731 15.
421 1660 557 1747 ἡγεμόνα
576 1666 639 1727 scis
664 1662 844 1744 1166666616]
865 1658 947 1727 Σάϊν
964 1660 1048 1724 hune
1069 1665 1204 1745 appellat

92 1748 251 1811 cedrenus
273 1760 304 1812 et
322 1752 413 1813 Alex.
428 1748 609 1811 chronicon.
625 1768 697 1809 cere
713 1760 817 1809 autem
832 1768 901 1809 cum
916 1750 1010 1810 altero
1025 1750 1203 1828 confrmdas,

94 1854 190 1917 quem
209 1832 298 1916 Σᾶην
313 1847 418 1917 postes
430 1847 518 1899 rocat
530 1834 613 1895 idam
626 1832 780 1895 cedrenus
795 1854 831 1894 ac
844 1833 1064 1915 Theophanes,
1088 1838 1204 1897 Paulus

92 1922 248 1981 Diaconos
262 1920 381 1982 Sathio.
423 1942 502 2003 quaa
514 1923 672 1981 nominum
685 1920 815 1981 affinitas
828 1922 953 1980 mirifice
966 1920 1205 2002 chronographie

93 2017 189 2087 atque
204 2009 359 2067 annalium
370 2008 563 2088 scriptoribus
573 2008 730 2086 imposuit.
772 2004 901 2087 proinde
913 2004 1088 2084 eichstete,
1111 2011 1203 2088 quiu-

93 2112 158 2173 que
182 2096 303 2154 omnino
326 2092 418 2153 duces
434 2114 453 2153 e
466 2091 598 2154 chesne
618 2102 721 2151 contra
735 2094 911 2152 Heraclium
925 2094 1045 2153 missos.
1087 2096 1205 2173 primus

93 2187 145 2237 est
164 2173 266 2258 Σᾶης,
287 2198 378 2261 quem
399 2180 518 2239 Scitum
540 2178 673 2257 appellat
690 2188 807 2253 666166,
829 2199 848 2238 6
865 2198 925 2260 666
938 2177 1127 2239 Alexandria
1141 2183 1205 2239 Ae-

94 2273 208 2343 gyptus
222 2275 311 2345 atque
325 2266 422 2323 omnis
437 2266 542 2323 Oriens
555 2270 688 2322 vastatus
702 2274 759 2322 est.
802 2261 853 2322 hic
868 2263 952 2345 quod
966 2266 1141 2325 Heraclium
1155 2268 1205 2325 vi·
1219 2269 1243 2326 1³
1259 2269 1296 2327 68

93 2368 172 2407 vum
183 2348 222 2407 ad
234 2348 398 2409 Ohosroem
412 2368 475 2407 non
488 2346 675 2423 adduxisset,
698 2346 831 2407 detracta
845 2361 912 2408 oute
924 2352 1092 2409 miserrime
1104 2354 1204 2445 periit,

94 2444 168 2493 ante
183 2453 306 2493 omnem
320 2434 452 2493 Heraclii
465 2432 708 2513 expeditionem,
730 2437 817 2493 cuim
835 2436 890 2494 ille
910 2438 1027 2515 legatos
1041 2447 1102 2496 tres
1118 2458 1135 2495 e
1149 2440 1206 2497 Bi-

94 2516 205 2599 thynie
225 2522 258 2577 16
278 2519 436 2580 Persidem
452 2538 556 2579 secum
572 2517 710 2578 abduxit.
754 2518 905 2580 secundus
919 2530 964 2581 est
980 2522 1143 2598 Sarbarus,
1166 2520 1206 2582 de

95 2624 160 2685 quo
174 2605 278 2664 crebra
290 2604 432 2687 deinceps
445 2608 571 2665 mentio.
613 2604 697 2663 idem
716 2602 768 2663 hic
785 2605 970 2667 Smbauazas
986 2626 1004 2665 a
1020 2606 1157 2667 Gedreuo
1174 2619 1206 2667 et

94 2687 289 2770 Theophane
312 2702 435 2752 vocatur
455 2710 483 2750 6.
503 2695 559 2767 18,
581 2700 613 2750 et
630 2690 827 2768 sarbaram,
849 2695 903 2774 qui
917 2691 957 2752 ad
970 2691 1207 2773 oppugnandam

96 2776 220 2855 cpolim
238 2779 349 2836 missus
369 2778 403 2837 in
423 2778 530 2836 itinere
548 2787 705 2837 revocatur
716 2797 735 2836 6
747 2775 896 2854 Chosro‘e,
916 2778 1096 2861 iubeturque
1111 2782 1207 2859 copiis

96 2880 170 2920 cum
198 2862 380 2921 Serablunoa
403 2864 569 2923 coniunctis
593 2883 663 2923 oum
682 2864 823 2924 Heraclio
844 2884 990 2945 pugnare.
1030 2868 1139 2925 tertius
1162 2874 1208 2926 est

96 2948 314 3023 Serablaucas,
336 2946 374 3007 de
393 2966 454 3031 quo
472 2950 612 3009 meminit
625 2946 778 3009 cedrenus
795 2970 830 3009 66
845 2948 1051 3031 Theophanes
1065 2972 1093 3010 6.
1108 2954 1207 3010 Hera-

97 3033 151 3091 clii
167 3032 217 3097 11.
259 3043 382 3114 quartus
406 3045 451 3093 est
474 3035 556 3111 Sais,
578 3036 664 3095 66166
680 3037 884 3095 meminerunt
896 3036 991 3095 iidem
1006 3057 1035 3095 a.
1049 3035 1092 3100 14
1113 3036 1155 3101 16
1177 3047 1208 3097 et

98 3121 142 3182 16
155 3138 163 3192 ς
186 3138 246 3199 quo
259 3130 412 3199 postremo
425 3138 504 3181 anno
518 3122 615 3181 victus
635 3122 672 3179 ab
685 3123 825 3181 Heraclio
839 3141 881 3180 ex
894 3142 1030 3182 maerore
1046 3132 1137 3202 atque
1153 3142 1208 3182 ae-

97 3202 253 3283 gritudine
273 3216 410 3265 mortuus
429 3216 484 3265 est.
529 3208 594 3267 eius
609 3226 717 3287 corpus
733 3208 933 3267 inveteratum
951 3218 982 3266 et
998 3211 1032 3268 in
1048 3206 1208 3268 Persidem

97 3290 227 3347 allatum
241 3288 388 3351 chosrods
401 3293 540 3372 plurimis
557 3294 747 3353 contumeliis
759 3293 870 3352 affecit.
912 3296 1036 3375 quintus
1050 3297 1209 3354 66111666-

96 3386 162 3449 tes,
184 3378 280 3457 6616.
299 3380 339 3442 17
356 3376 393 3435 ab
410 3378 549 3437 Heraclio
563 3398 667 3439 caesus
681 3387 736 3439 est.
778 3378 813 3438 fit
829 3390 859 3439 et
875 3380 998 3440 alterius
1016 3378 1102 3439 ducis
1118 3400 1209 3439 men-

96 3461 143 3519 tio
165 3479 183 3519 a
204 3464 348 3537 Leontio,
372 3466 426 3543 qui
449 3464 482 3523 S.
499 3465 619 3523 loannis
632 3460 812 3547 'hileriposoc
824 3467 919 3524 vitam
938 3464 1051 3542 edidit,
1072 3486 1165 3547 quem
1181 3468 1209 3526 is

96 3548 291 3608 Rasmiszum
312 3559 417 3625 vocat,
439 3568 533 3630 equo
547 3552 781 3624 vastatascribit
793 3552 860 3610 loca
873 3563 993 3611 mama:
1013 3572 1121 3610 verum
1135 3553 1210 3611 Sar-

95 3634 174 3692 barc
197 3632 231 3691 id
252 3634 419 3693 attribuunt
437 3637 538 3696 ceteri.
582 3636 639 3697 sub
659 3640 758 3717 primo
772 3638 828 3697 1116
842 3638 903 3697 Sao
917 3640 1064 3698 militasse
1078 3638 1112 3695 S.
1123 3639 1210 3696 Α66-

97 3720 245 3793 stasium,
268 3738 303 3776 ac
316 3738 385 3777 cum
400 3740 435 3780 eo
452 3720 674 3782 chalcedonem
686 3724 806 3782 venisse
819 3720 993 3804 ibidemque
1006 3720 1210 3782 christianam

97 3802 194 3862 fidem
224 3804 400 3883 amplexum
427 3818 523 3867 castra
545 3809 719 3889 reliquisse,
740 3812 774 3866 in
799 3810 969 3868 Annalibus
995 3811 1210 3888 scriptumest

98 3908 131 3947 6.
155 3890 189 3948 C·
211 3890 290 3966 621,
313 3890 443 3949 Heraclii
465 3896 516 3956 12
558 3893 1011 3960 666661666161166661116
1030 3913 1210 3973 comparau-

100 3972 178 4033 dum
198 3974 280 4035 istud
300 3994 366 4035 esse
381 3978 472 4055 paulo
485 3988 553 4038 aute
568 3978 724 4039 evidenter
736 3991 890 4040 ostensum
903 3990 960 4041 est.
1002 3982 1057 4063 qui
1069 3982 1210 4060 16666616

98 4062 197 4119 vitam
210 4059 343 4141 prodidit
357 4062 481 4123 Simeon
493 4063 723 4145 Metaphrastes,
743 4067 787 4125 ita
798 4064 836 4126 de
848 4069 914 4126 eius
927 4068 1121 4127 conversione
1134 4068 1213 4125 scri·

97 4148 164 4206 bit:
190 4158 253 4205 erut
266 4148 346 4206 66166
360 4150 389 4206 ei
399 4148 525 4229 quedam
530 4150 635 4230 frater
644 4172 755 4231 genere
769 4162 797 4211 et
809 4152 985 4213 commilito:
1006 4150 1096 4213 mio
1109 4158 1225 4211 cutm

101 4231 236 4293 retecto
248 4254 407 4296 nurui-um
419 4237 563 4299 66661666
579 4238 670 4313 Sam,
692 4250 894 4322 umerumque
907 4238 1213 4323 mqreecrle'nclytcm
