2792 4709
163 162 168 169 ³
256 216 327 289 ιιι
681 212 743 283 no
774 208 918 283 elnon
1378 261 1379 325 ,

253 382 346 445 noris
358 380 507 441 intersunt
518 372 708 439 noerdotnm
721 376 876 439 subsellis.
918 371 1003 436 addit
1013 382 1167 455 praeterea
1178 392 1279 456 supro
1294 394 1366 435 enm

253 468 396 529 thronum
408 462 562 527 Christum
576 464 673 525 solere
684 464 810 545 effingi,
832 462 971 523 menibus
987 464 1019 521 in
1034 478 1171 521 mensam
1184 463 1367 543 appositam

253 556 286 614 in
299 556 394 615 oruois
408 552 536 611 ίοιιειειιε
552 548 731 626 deoausatis,
753 548 860 609 dextra
871 567 983 630 panem
999 564 1127 621 uorum,
1148 546 1276 609 slnlstra
1296 566 1367 605 oru-

253 660 321 701 oem
335 634 626 719 apprehendentem:
649 633 720 716 bino
733 631 804 695 inde
818 654 900 710 sero,
923 644 953 692 et
967 652 985 691 a
1001 632 1160 707 lateribus,
1182 652 1279 711 supra
1299 634 1367 713 epi-

253 742 411 805 soopornus
429 733 459 781 et
475 720 664 783 sacerdotum
682 718 810 796 sedilis,
841 717 1000 779 dnodeoim
1016 717 1220 796 apostolorum
1241 716 1367 797 effigies

253 809 436 884 delineatae,
467 818 501 867 ut
518 809 610 866 etiam
621 804 713 865 hodia
727 806 758 863 in
773 806 805 865 S.
821 806 909 864 Pauli
925 816 956 864 et
969 804 1133 864 Salvatoris
1146 802 1286 862 basilicis
1303 806 1369 861 Ro-

252 914 322 955 mae
339 895 571 974 oouspioiuutur.
613 889 694 951 unde
715 891 840 971 planum
860 890 894 950 tit
916 910 952 949 eo
977 891 1146 968 respexisse
1169 890 1369 947 Germanum

253 974 454 1062 patrias-obem
467 978 534 1051 01³,
562 995 632 1035 oum
643 974 722 1034 dixit
737 977 823 1057 βῆμα
841 996 906 1035 esse
921 969 1040 1083 θρόνον
1053 972 1086 1035 ἓν
1103 965 1185 1059 pineo
1198 971 1216 1037 δ
1232 976 1368 1055 nuptia·

251 1060 352 1140 σιίεῦς
375 1056 505 1145 Χριστὸς
524 1055 719 1142 προκάθηται
743 1058 899 1140 μειδιῶν
922 1064 1020 1125 αυτοῦ
1042 1052 1237 1136 οἶκοσιόίον,
1271 1072 1312 1117 ut
1338 1072 1368 1117 et

250 1150 435 1231 symeonem
449 1144 631 1207 Thessalon.
646 1146 724 1205 libro
745 1144 783 1205 de
797 1146 946 1227 Templo:
967 1147 1098 1218 καθίσας
1117 1148 1158 1207 roi
1179 1142 1366 1223 συνθριίνοι,

254 1234 309 1299 ads
324 1229 456 1317 Χριστδν
470 1226 700 1313 ίιιμιμοιίμενος,
714 1231 940 1312 συγκαθίδρονς
954 1230 1012 1309 ἔχει
1024 1228 1076 1293 καί
1091 1206 1163 1303 sotir
1178 1212 1367 1293 σννεαισκδ-

255 1341 335 1396 atoue
350 1319 402 1384 aul
414 1320 505 1399 ίερείς
516 1315 721 1399 μιμουμένους
734 1312 806 1393 ιοδς
819 1310 1016 1389 αίιιοστόλους.
1043 1340 1047 1347 ε
1059 1324 1088 1373 et
1103 1316 1180 1375 libro
1195 1314 1235 1374 de
1247 1316 1368 1375 Sacra-

254 1408 384 1467 mentis:
406 1402 428 1485 ’l
443 1400 509 1465 dvo
523 1401 661 1484 καθίδρα
675 1400 713 1477 ssi
718 1426 733 1463 ν
746 1396 969 1482 ιίιιερονριίνιον
984 1402 1119 1464 δείκνυσι
1132 1399 1296 1481 καθέδραν
1309 1406 1369 1464 τοῦ

252 1486 367 1571 Ἰησοῦ,
397 1489 433 1552 αἱ
451 1482 509 1551 ὄπ’
532 1477 629 1568 ανέεὶν
643 1484 677 1551 dl
692 1488 842 1571 βαθμίδες
854 1482 910 1570 τὴν
924 1478 1052 1550 ἕκαστον
1066 1488 1127 1549 τοῖν
1141 1488 1296 1567 ίεραρχοῖν
1313 1484 1368 1549 καί

255 1576 360 1661 ispius
379 1570 466 1649 τάξιν
482 1595 513 1638 ιι
531 1571 584 1636 καί
603 1568 769 1653 διάβασιν,
801 1572 879 1635 ίνθα
902 1569 941 1653 δὴ
954 1570 1005 1635 καί
1023 1567 1061 1633 osi
1073 1570 1164 1649 θίμις
1175 1570 1246 1634 revel
1259 1571 1368 1649 ἕτερον

252 1665 398 1735 καθίσαι,
430 1652 503 1723 ον’δί
524 1662 589 1721 τοῖν
610 1652 764 1721 διακόνων
788 1650 900 1721 αὐτῶν.
945 1655 1051 1715 eadem
1071 1654 1163 1715 babet
1175 1658 1246 1717 eliis
1259 1659 1367 1717 verbis

254 1748 333 1809 libro
349 1745 388 1804 de
402 1744 550 1824 Templot
579 1740 632 1806 διαί
653 1748 710 1806 τοῦ
731 1744 818 1826 lepori
837 1737 1010 1824 σννθρδνον
1026 1738 1080 1806 so'v
1097 1742 1142 1817 είς
1155 1736 1317 1824 οδρανοδς
1332 1742 1368 1807 ίιι

254 1834 363 1909 δεξιῶν
377 1834 432 1894 τοῦ
445 1824 558 1909 καιρδς
572 1826 767 1909 σαρκωθίνια
780 1821 872 1910 λόγον
886 1824 1074 1907 καθήμενον,
1097 1824 1148 1891 deri
1161 1824 1194 1891 di
1208 1830 1273 1890 sois
1285 1825 1382 1891 doe:

254 1920 388 2001 βαθμῶν
404 1908 464 1995 τὴν
482 1911 611 1977 ἕκαστον
627 1918 690 1977 τῶν
704 1912 875 1997 ἱερωμένων
888 1908 1065 1997 ιίνθροίιιοιν
1078 1910 1131 1975 καί
1146 1917 1207 1977 sais
1222 1907 1367 1997 ιε’γγίίοιν

252 1996 342 2079 sdico
354 2024 385 2063 se
399 1998 451 2065 καί
467 1992 630 2078 οἱνᾶβασιν.

338 2088 393 2152 67.
435 2086 509 2143 Dixi
526 2084 612 2143 binos
626 2101 760 2143 morasus
780 2101 834 2142 seu
853 2084 953 2162 potius
970 2080 1045 2142 duas
1063 2080 1224 2146 nonobulas
1239 2083 1364 2157 mfiori,

254 2170 308 2231 ubi
320 2172 419 2231 stabnt
432 2188 516 2231 nora
528 2188 644 2244 mensa,
668 2166 824 2227 adiuuotas
837 2169 946 2242 luisse,
969 2168 1096 2227 alteram
1113 2168 1153 2227 ed
1171 2166 1317 2227 dextram
1334 2181 1365 2227 et

252 2258 496 2339 septentrionem,
520 2255 646 2312 alteram
656 2252 695 2312 ed
708 2256 859 2313 sinistram
872 2264 902 2313 et
917 2252 956 2311 ad
971 2252 1129 2314 meridiem
1146 2253 1261 2313 alteris.
1284 2274 1363 2313 oon-

252 2341 359 2403 obulas
381 2342 487 2401 maiori
501 2336 657 2399 adiunctas
674 2337 833 2414 describit,
855 2340 888 2397 ni
907 2339 1010 2413 fallor,
1033 2340 1223 2400 silentiarius
1241 2340 1259 2403 1
1280 2350 1383 2418 parts

253 2448 285 2488 a.
300 2429 374 2494 236.
417 2444 490 2484 nam
511 2444 583 2483 oum
597 2424 725 2484 dixisset
739 2420 873 2483 mediam
885 2444 920 2483 ao
932 2427 1077 2484 maiorem
1094 2423 1241 2484 oouebam
1256 2444 1363 2485 sacer-

254 2512 360 2573 dotum
373 2512 518 2571 snbsellle
532 2513 564 2569 in
579 2511 683 2570 orbem
696 2508 899 2569 oiroumdnota
913 2514 1081 2585 continere,
1110 2510 1195 2570 addit
1210 2530 1279 2569 eam
1302 2532 1363 2569 ex-

254 2602 356 2678 oipere
368 2596 594 2678 (adntrumque
606 2615 717 2676 nempe
732 2594 824 2673 latus)
845 2595 991 2655 fomioem
1002 2596 1113 2670 alium,
1141 2595 1253 2657 validis
1276 2598 1363 2655 inni-

254 2703 332 2743 xum
347 2681 570 2755 fundamentis,
592 2682 625 2739 in
638 2685 701 2741 ima
714 2679 837 2762 quidem
852 2692 936 2761 parte
951 2684 984 2739 in
999 2693 1093 2741 rectas
1111 2680 1236 2741 ductum
1249 2683 1362 2757 lineas,

255 2787 384 2848 superno
407 2784 479 2826 vero
498 2768 540 2824 ita
560 2768 713 2825 sinuatum
733 2776 767 2825 ut
782 2764 911 2846 cylindri
925 2768 1074 2826 semisecti
1089 2768 1218 2827 tonnam
1235 2768 1363 2827 referat.

255 2871 291 2913 ee
306 2861 352 2911 est
367 2854 448 2910 enim
460 2854 611 2909 minorum
624 2850 840 2910 oouohularum
853 2852 959 2933 figura,
974 2870 1051 2934 qnae
1065 2872 1134 2911 oum
1145 2854 1254 2913 maiori
1268 2852 1362 2932 longe

255 2940 418 2999 strictiores
432 2954 450 2993 a
465 2946 543 2994 terra
557 2948 723 3015 assurgunt,
747 2936 875 3017 cylindri
892 2940 1042 2997 semiseoti
1056 2939 1184 2998 formam
1198 2936 1360 3017 effingunt,

255 3022 352 3085 doneo
372 3040 501 3101 superna
520 3024 692 3097 sinuentur3
724 3040 816 3103 qnam
838 3024 931 3082 etiam
950 3023 1078 3103 figuram
1098 3026 1207 3083 malori
1223 3020 1362 3083 conobro

254 3110 361 3169 tribuit
373 3110 545 3187 Procopius,
567 3106 638 3165 lioet
650 3110 758 3187 potiori
772 3111 837 3167 iure
850 3110 1016 3168 minoribns
1029 3110 1082 3168 illa
1096 3110 1265 3168 oonreniat.
1284 3128 1361 3168 mox

255 3192 342 3255 addit
354 3193 544 3253 silentiarius
560 3190 724 3269 oouobam,
748 3196 926 3253 orientalem
940 3214 1067 3275 nempe,
1089 3194 1175 3254 binas
1190 3196 1267 3254 alias
1284 3214 1362 3253 oon-

256 3278 328 3340 obas
342 3281 483 3358 utrinque
499 3276 687 3357 protendere,
710 3297 813 3339 versus
828 3279 1013 3339 oooidentesn
1030 3277 1267 3361 progredientes,
1289 3290 1362 3339 tan-

255 3382 349 3445 quam
360 3366 387 3422 si
398 3364 487 3421 ulnas
500 3381 571 3421 suas
583 3360 776 3437 extenderet,
806 3382 866 3445 qno
882 3366 996 3424 olerum
1010 3384 1045 3425 ao
1063 3376 1198 3425 cantores
1212 3368 1362 3445 excipiat.

256 3447 295 3507 de
308 3448 473 3507 minoribus
486 3449 578 3525 igitur
592 3445 747 3507 oonchulis
760 3451 802 3507 ita
815 3451 1021 3511 silentiarius:

377 3531 436 3612 seis
450 3529 483 3593 dl
494 3524 559 3612 μέν’
572 3530 721 3613 ἐκδέχεται
731 3540 885 3615 κρατεροῖς
897 3530 1029 3616 α’ραρυῖα
1040 3534 1203 3615 θεμείίοις,

380 3616 412 3692 ίς
423 3611 518 3698 βάσιν
528 3608 757 3700 εδθιίγραμμος,
779 3614 896 3701 ὕπερθε
908 3618 941 3683 δὲ
954 3612 1077 3694 adnitor
1093 3616 1196 3695 ἄνινξ,

381 3699 530 3783 σχήμασιν
545 3696 583 3765 osi
599 3706 730 3785 σφαίρης
740 3704 917 3788 ἐναλίγκιος,
939 3698 1015 3769 ιίίίιί
1028 3706 1192 3787 seusam

380 3784 489 3866 δνδιχα
507 3788 712 3869 τεμνομίνοιο.

171 3934 178 3943 ,
253 3870 365 3934 barum
383 3870 599 3932 oouobularnm
620 3874 761 3949 alteram,
790 3892 883 3955 quam
896 3870 936 3933 ed
950 3870 1090 3935 dextram
1104 3873 1209 3935 statuit
1222 3872 1361 3953 Symeon

253 3956 551 4032 Τίιειιείοιιίοειιιίι,
573 3952 724 4039 πρόθεσιν
737 3960 843 4019 Graeci
858 3961 1022 4039 appellent,
1045 3963 1133 4043 quasi
1148 3957 1231 4020 dioas
1240 3978 1362 4039 propo-

252 4046 390 4103 sitionem
404 4052 456 4101 ant
464 4046 678 4122 propositionis
690 4064 840 4118 mensam,
867 4064 886 4104 a
899 4048 1069 4106 ceremonia
1086 4063 1165 4128 quae
1182 4046 1217 4105 in
1232 4062 1270 4105 ea
1287 4064 1361 4126 per·

252 4132 475 4208 agiturnomen
486 4127 656 4190 habentem.
699 4132 734 4189 in
750 4150 785 4189 ea
803 4150 952 4214 namque,
984 4134 1028 4192 ait
1040 4132 1185 4206 dllatios,
1215 4128 1359 4190 saoerdos

252 4224 323 4274 ante
336 4216 479 4293 missam,
501 4226 533 4276 et
546 4234 607 4279 une
621 4234 690 4275 oum
705 4236 740 4279 eo
753 4217 967 4297 ministrantes,
989 4236 1038 4279 res
1054 4236 1160 4281 omnes
1181 4212 1222 4277 sd
1234 4232 1359 4277 ιεαιαια
