2792 4709
481 195 687 264 intorsit
711 195 738 264 1.
1086 193 1158 270 149

33 363 227 443 conscripta
242 374 272 423 et
283 381 301 422 a
312 360 464 424 liandurio
480 362 640 445 diligenter
654 365 779 425 collecta
800 363 895 445 (Imp.
919 364 1035 424 Ονίειιι.
1051 375 1122 425 tom.
1137 370 1156 431 1

33 449 111 508 lib.
130 455 152 514 7
165 471 202 526 p.
219 446 298 526 136)
319 449 381 508 ulla
402 451 553 510 invenitur
567 453 721 531 inscriptio
735 453 768 508 in
782 449 906 508 laudem
919 451 1051 508 Heraclii
1065 451 1156 511 fecta.

34 554 230 614 anonymus
250 535 341 614 plane
361 537 487 614 scriptor
503 535 584 615 apud
602 535 733 594 eundem
744 533 931 594 Bandurium
943 547 1014 592 tom.
1032 540 1049 598 l
1066 534 1120 596 tib.
1135 541 1157 600 2

32 643 83 698 p.
103 624 158 694 29,
178 621 501 700 antiquitatescpcleos
513 622 687 700 singulatim
699 620 879 695 describens,
892 621 984 679 refert
995 640 1088 700 prope
1094 624 1156 679 Ba-

38 707 178 764 silicam
193 705 286 778 fuisse
300 717 528 764 mouumentum
542 708 679 765 Heraclio
693 705 842 781 dicatum,
863 702 1016 764 Etenim
1033 703 1155 782 dictum,

39 788 144 872 quod
161 791 267 848 Petrus
288 791 406 870 Gyllius
436 793 564 872 Zypogr.
592 793 677 870 spol.
697 791 752 850 lib.
769 795 791 855 2
808 813 835 850 c.
852 795 890 854 19
911 792 1081 849 Examnwn
1102 811 1158 872 ap-

41 877 163 954 pellat.
208 877 350 954 anonymi
367 876 458 935 verba
476 877 551 935 baec
563 890 649 936 sunt:
673 878 717 952 εἷς
732 873 766 941 dl
780 873 831 940 τὸν
844 879 898 954 τῆς
912 879 1074 953 Βασιλικῆς
1086 899 1159 959 χρυ-

42 956 198 1042 σόφορον
218 954 314 1023 ὀπίσω
334 965 390 1024 sod
406 964 506 1042 psilon
522 955 563 1040 ἦν
575 955 787 1045 ἇνδροείκελον
803 957 920 1044 ἄγαλμα
932 960 1158 1043 χρυσὲμβαφοτ·,

45 1045 140 1108 ἔνθα
153 1037 194 1126 ἦν
208 1042 242 1109 td
252 1041 386 1126 ’Ἐξαμον
398 1044 572 1126 Ἡρακλείου
585 1053 641 1112 τοῦ
651 1047 804 1126 βασιλέως.
846 1045 900 1105 sed
918 1067 987 1105 cum
1009 1044 1083 1128 quid
1102 1048 1158 1106 sub

45 1130 118 1188 hac
136 1149 212 1189 voce
233 1131 386 1190 Excmum
408 1133 501 1191 letect
518 1153 608 1192 nemo
632 1131 760 1210 dixerit,
781 1129 859 1190 nihil
875 1130 994 1191 definio.
1037 1151 1159 1191 verum-

45 1227 164 1274 tamen
175 1235 235 1275 non
246 1218 342 1275 semel
355 1227 472 1276 tanturn
490 1220 569 1277 cives
585 1221 618 1277 in
633 1223 710 1298 greti
723 1219 819 1278 animi
833 1220 1038 1278 testimonium
1051 1215 1159 1275 buius-

47 1299 145 1360 modi
165 1301 301 1381 publicos
320 1301 449 1363 honores
463 1305 601 1364 Heraclio
613 1303 798 1379 decrevisse,
814 1314 935 1362 nonest
950 1301 1158 1376 dubitandum,

49 1407 94 1444 ac
117 1397 222 1446 noster
241 1384 365 1467 quidem
382 1389 529 1468 Georgius
552 1391 636 1449 testis
660 1401 706 1450 est
726 1392 787 1448 alia
800 1391 866 1448 vioe
883 1399 1018 1447 curatnrn
1030 1388 1124 1446 fuisse
1141 1406 1158 1446 a

49 1473 226 1552 cpolitanis
238 1483 272 1530 ut
285 1474 447 1552 imperator
461 1478 643 1555 pingeretur.
685 1475 816 1534 Armes.
831 1494 892 1554 seq.
907 1494 938 1533 v·
953 1472 1004 1538 64.

145 1561 197 1621 98.
241 1577 294 1616 cur
307 1557 457 1638 Scipionis
473 1579 640 1638 cognomen
654 1565 756 1640 potius
771 1579 862 1643 quam
873 1557 1000 1640 quodvis
1014 1557 1097 1618 aliud
1112 1560 1158 1616 oi-

51 1663 112 1702 ves
127 1642 266 1702 Heraclio
281 1646 405 1724 eiusque
418 1645 521 1704 liberis
535 1647 733 1722 attribuerint,
754 1657 788 1705 ut
802 1665 843 1704 ex
855 1641 914 1703 hcc
926 1647 1052 1719 senario,
1075 1641 1159 1725 qnod

52 1731 194 1787 continet
212 1726 374 1804 decretum,
397 1741 529 1810 apparet,
553 1749 620 1790 eam
634 1743 709 1810 puto
725 1752 791 1791 esse
805 1750 935 1805 causam,
956 1729 1039 1811 qnod
1050 1733 1159 1788 meritc

53 1811 143 1894 epod
167 1823 283 1874 veteres
302 1833 412 1894 magno
432 1819 465 1874 in
486 1815 601 1876 bonore
625 1829 704 1886 esset
721 1817 897 1896 Scipionum
917 1833 1044 1874 nomen:
1073 1815 1159 1874 nulla

55 1902 145 1958 enim
162 1917 237 1978 gens
249 1909 294 1958 tot
309 1902 396 1958 cleris
409 1903 481 1960 viris
495 1903 621 1962 illustris
633 1922 733 1984 neque
744 1913 789 1962 tot
801 1901 892 1960 rebus
901 1900 1052 1980 praeclare
1068 1902 1160 1978 gestis

56 1983 137 2042 odeo
152 1986 280 2063 insignis
292 1996 326 2044 ut
340 1985 515 2066 Scipiadum
530 2007 604 2067 gens
619 1987 693 2064 fuit,
715 1986 898 2066 undosam«
912 1996 943 2044 et
957 1986 1029 2044 duri
1041 1985 1117 2044 bello
1131 1994 1162 2042 et

49 2070 200 2149 subsuta
221 2069 294 2128 belli
310 2074 423 2151 possim
444 2074 630 2156 abantiquis
658 2075 851 2154 scriptoribus
876 2071 1028 2150 appellati.
1071 2080 1162 2150 atque

58 2155 141 2214 haec
156 2157 199 2214 ita
214 2175 280 2216 esse
294 2157 483 2237 accipienda,
504 2161 578 2219 facit
594 2161 685 2218 etiarn
702 2161 862 2219 auctoritas
872 2154 1097 2236 Tbeopbylecti
1110 2157 1162 2215 si-

56 2252 213 2300 mceattee
236 2247 251 2304 l
277 2241 333 2318 14,
366 2245 419 2323 qui
440 2241 644 2324 Philippicum
662 2247 799 2304 Mauricii
817 2244 964 2302 sororium
983 2253 1014 2300 et
1030 2242 1163 2299 militum

58 2325 173 2386 ducem
195 2329 434 2386 strenuissimum
456 2329 591 2408 Scipioni
610 2332 722 2409 pariter
736 2331 830 2389 fnisse
843 2337 1049 2406 comparatum
1061 2326 1163 2384 refert.

59 2410 145 2471 unde
167 2423 306 2492 apparet,
327 2410 360 2472 id
380 2411 463 2494 quod
477 2411 635 2474 bominum
648 2417 788 2494 opinione
805 2412 844 2473 de
859 2409 1030 2492 Philippico
1042 2409 1164 2470 fereba-

58 2508 128 2574 tur,
149 2509 254 2577 postea
268 2499 361 2558 luisse
377 2500 444 2578 lege
462 2503 610 2560 sancitum
626 2498 664 2560 de
679 2501 828 2560 Heraclio.

152 2587 222 2647 100.
266 2603 355 2663 saepe
366 2586 539 2644 Heraclium
550 2584 653 2645 Pisida
666 2587 798 2665 appellat
810 2585 978 2662 despotom,
999 2599 1090 2662 quem
1103 2577 1162 2639 bo-

59 2671 144 2728 ncris
163 2669 286 2730 titulum
307 2671 527 2749 amplissimum
546 2672 639 2730 iirisse
664 2673 834 2732 observarit
854 2670 1053 2747 liu-Congius
1072 2667 1160 2725 Diae.

59 2755 100 2812 de
115 2753 204 2832 inser.
219 2757 289 2814 aevi
303 2755 400 2813 Num.
412 2777 449 2834 p.
465 2756 517 2820 35.
561 2755 615 2816 sed
629 2777 698 2816 cum
710 2758 763 2816 ille
777 2755 988 2837 appellationis
999 2751 1090 2812 buius
1107 2771 1163 2808 an-

60 2843 234 2920 tiquitatem
252 2838 389 2900 videatur
408 2853 541 2921 repetere
560 2862 600 2901 ex
616 2861 741 2902 nummo
759 2845 805 2901 Fi.
820 2839 998 2920 Nicephori‚
1019 2840 1073 2919 qui
1084 2839 1163 2894 circa

61 2944 92 2983 a.
107 2922 220 2984 christi
232 2927 296 2990 800
311 2929 462 3004 regnavit,
484 2925 624 2994 videlicet
638 2930 724 2986 cunis
739 2932 803 2993 200
818 2928 887 3007 plns
901 2928 1002 2983 minus
1015 2931 1084 3002 post
1098 2924 1162 2979 He-

61 3011 206 3084 raclium,
236 3009 534 3071 animadvertendum
552 3013 611 3072 luit
628 3010 745 3071 iamdiu
765 3011 847 3091 apud
868 3011 1051 3089 Byzantinos
1073 3009 1162 3064 inva-

62 3096 158 3154 luisse
184 3105 219 3155 ut
245 3097 439 3177 imperatores
466 3097 603 3175 deepctce
626 3106 812 3156 vocarentur.
853 3113 953 3174 neque
976 3089 1055 3150 illud
1072 3091 1163 3169 plane

62 3191 199 3256 constan,
221 3179 304 3262 quod
324 3181 406 3241 idem
422 3183 620 3262 Du-Cengius
641 3181 783 3256 adnotat,
805 3179 961 3258 despotam
973 3178 1098 3236 minoris
1113 3172 1163 3232 di-

63 3268 189 3344 gnitatis
209 3267 332 3326 titulum
353 3267 446 3326 fuisse
467 3286 559 3348 quam
579 3271 801 3346 imperatorem.
846 3275 924 3325 certe
937 3262 1039 3322 Pisida
1049 3261 1164 3341 possim

63 3351 241 3414 Henetiam
254 3351 407 3431 ἄειροταπι
418 3353 544 3427 salutat,
566 3371 602 3411 ac
614 3356 641 3412 si
654 3351 728 3434 quid
739 3351 846 3426 video,
866 3369 929 3410 non
942 3350 1001 3406 alie
1013 3350 1092 3405 inter
1102 3347 1164 3404 im-

64 3440 211 3516 peratoris
227 3447 258 3496 et
271 3436 413 3517 despotae
432 3439 666 3519 appellationem
685 3437 853 3498 differentia
868 3435 1051 3508 intercessit,
1074 3450 1166 3512 qnam

65 3533 99 3581 ut
115 3523 168 3581 ille
183 3526 298 3601 regiam
313 3521 507 3602 dignitatem,
530 3524 622 3583 altere
637 3534 817 3604 potestatem
828 3526 860 3580 in
874 3521 1023 3580 subiectos
1036 3517 1166 3597 populos

64 3606 224 3666 indiceret.
266 3611 308 3666 ita
329 3619 430 3668 noster
449 3608 486 3665 de
499 3609 653 3688 Expedi
675 3613 717 3674 99
738 3608 911 3668 Heraclium
930 3602 1045 3662 inducit
1064 3605 1107 3659 ita
1126 3597 1166 3658 de

65 3690 128 3752 deo
150 3694 341 3773 loquentem:
365 3687 454 3767 odron
473 3691 507 3757 δὲ
526 3691 626 3768 κοινὰς
641 3690 781 3774 βασιλεῦς
798 3691 851 3756 sel
866 3683 1021 3769 δεσπότης.
1063 3695 1168 3764 ‚aperte

65 3788 171 3836 autem
184 3775 235 3836 bic
247 3781 312 3837 vim
322 3781 403 3838 vocis
417 3777 562 3857 δεσπότης
577 3777 718 3853 declarat,
737 3797 807 3836 cum
819 3777 989 3857 disputacio
1001 3770 1074 3830 dlvii
1086 3788 1170 3828 11111ὶο

64 3873 186 3922 tantum
204 3864 294 3922 licere
311 3867 403 3922 serris
419 3863 519 3941 legem
532 3864 610 3923 ferre
623 3866 655 3923 in
668 3862 830 3941 ‘despotas3
853 3860 963 3942 quibus
977 3858 1077 3916 verbis
1095 3873 1168 3933 prc-

66 3950 165 4026 priam
179 3950 355 4008 relationem
368 3947 508 4024 adnotat,
531 3967 623 4030 qnam
637 3945 730 4006 babet
742 3951 895 4027 princeps,
917 3955 952 4004 ut
964 3940 1104 4002 dominus
1115 3940 1167 3999 tel

67 4031 209 4113 despota,
231 4032 271 4092 ad
283 4053 396 4094 servos.

157 4122 227 4182 101.
269 4130 371 4178 utrum
387 4119 544 4178 Heraclius
558 4116 714 4178 decretum
729 4115 961 4188 confirmaverit,
981 4131 1044 4172 non
1059 4110 1165 4191 liquet.

66 4198 161 4268 scissos
182 4201 356 4264 dicebantur
378 4207 549 4285 principum
567 4205 794 4264 constitutiones
813 4211 844 4261 et
866 4199 1002 4259 decreta:
1036 4194 1092 4258 sed
1116 4193 1167 4254 bic

870 4331 888 4366 Ο
