2792 4709
200 108 273 183 ιιι
331 98 524 195 'Qnmcn
548 110 605 175 nr
623 108 764 175 nanno
787 106 913 173 svin.
930 102 1155 173 nonrrnn.

199 298 268 339 mm
280 276 334 337 ab.
351 275 391 353 4,
416 280 553 337 Aeneam
566 274 714 352 Silvium,
742 274 796 356 qni
815 284 919 355 postea
935 273 994 331 fnit
1007 274 1080 331 Pius
1094 274 1137 331 11.
1162 272 1327 351 pontifex.

200 366 285 425 Ηὶιι.
304 364 341 423 do
357 364 422 421 Sec.
435 372 519 442 part.
530 362 641 433 Arina,
655 362 792 441 aliosque
805 362 903 441 gentis
915 359 1067 418 feritatem
1080 354 1328 416 crudelitatem-

202 470 263 533 que
278 450 450 509 enarrrlntes
463 466 585 528 unaque
600 446 693 507 simul
708 456 915 505 exsecrantes:
935 462 992 503 nos
1010 444 1103 519 euim,
1126 452 1165 501 ut
1179 440 1235 500 hic
1250 454 1327 499 tnn-

203 549 270 598 tnm
282 534 321 593 de
331 532 462 593 ”cunda
477 536 658 593 Hunnorum
671 534 836 612 irruptione
850 530 941 591 rerba
956 530 1116 603 iaciamus,
1139 538 1253 587 monet
1271 530 1330 585 Pi-

204 618 289 695 sida,
318 624 372 699 qui
392 616 578 678 horrendrnn
597 619 734 695 facinus,
762 615 846 698 qnod
866 634 945 675 anno
962 612 1074 674 ebrini
1089 618 1158 678 626
1175 613 1218 673 de
1233 634 1331 671 erer-

205 703 296 766 tenda
309 706 397 784 cpoli
413 704 529 765 Abares
542 706 643 763 animo
659 714 873 784 conceperant,
900 701 1056 760 versiculis
1072 720 1138 759 non
1153 700 1331 778 inelegan—

205 792 286 851 tibus
305 788 458 851 describit.
521 808 628 849 rernm
652 808 722 847 cnm
747 807 782 847 ea
809 790 927 861 omnia,
963 805 1042 868 qnae
1069 804 1155 845 nunc
1194 783 1330 844 dicenda

207 886 308 936 urent
321 874 360 935 de
373 876 532 950 Abaribns,
549 872 736 935 commodius
749 876 783 933 in
794 875 873 933 notis
887 870 926 931 ad
939 872 1074 951 singulos
1088 890 1204 931 versun
1219 872 1330 929 referri

207 965 340 1043 possint,
361 981 380 1021 a
395 978 618 1041 supervacaneo
635 980 726 1040 opere
739 956 790 1017 hic
803 956 1016 1019 abstinendum
1027 956 1185 1015 ducimus.
1232 960 1329 1035 igitur

207 1049 344 1108 Abarnm
371 1050 521 1127 originem
542 1048 674 1107 breviter
697 1044 847 1103 indicasse
865 1042 1011 1116 sufficiam
1043 1061 1078 1101 ac
1098 1044 1204 1123 siquis
1225 1040 1331 1100 adhue

209 1134 297 1214 plura
316 1134 399 1213 cupit
420 1130 591 1207 addiscere,
624 1130 713 1190 adeat
727 1132 877 1190 Francisoi
898 1130 981 1188 Foris
998 1124 1159 1187 onokom
1182 1128 1331 1207 On'giner

209 1220 424 1299 Hmagurs'cos,
439 1238 500 1299 qno
513 1221 547 1276 in
561 1218 640 1276 libro
650 1218 830 1277 Hunnorum
842 1216 1037 1297 Abarnmque
1047 1231 1097 1272 res
1110 1232 1244 1273 summa
1256 1232 1331 1271 eru-

212 1302 333 1363 ditionis
353 1305 440 1385 copia
452 1312 680 1384 pertractantem

297 1387 384 1461 Quod
396 1399 499 1449 entem
511 1386 705 1471 adpraesens
719 1392 828 1467 poema
842 1394 973 1465 spectat,
1002 1385 1110 1464 Sergio
1129 1382 1332 1465 patriarchae

214 1493 280 1534 esse
291 1475 468 1553 inscriptum
481 1476 570 1534 facile
584 1472 784 1553 dignoscitur:
812 1490 944 1553 namque
960 1472 988 1531 ei
1006 1474 1108 1531 statim
1123 1472 1159 1528 iu
1174 1474 1333 1551 principio

213 1558 273 1618 hoc
287 1556 436 1638 quidquid
449 1571 494 1620 est
504 1562 615 1620 laboris
625 1560 673 1619 sni
686 1554 893 1633 offertPisida,
911 1560 1003 1631 ν.12,
1026 1576 1062 1615 ac
1079 1554 1194 1614 deinde
1212 1562 1332 1636 passim

214 1647 315 1723 ipsum
335 1642 518 1725 adloquitur.
561 1646 636 1702 belli
650 1653 753 1703 antem
768 1662 919 1703 summam
933 1641 1042 1702 ducem
1054 1642 1151 1701 fuisse
1167 1639 1332 1723 deiparam
1359 1690 1360 1695 ,

215 1730 364 1807 virginem
384 1738 468 1809 patet
481 1748 521 1789 ex
532 1731 607 1809 ipsis
618 1731 724 1809 primis
737 1728 873 1788 versibus
887 1728 1015 1811 aliisque
1028 1729 1113 1809 operi
1128 1730 1331 1787 intertextis:
1359 1724 1360 1797 i

216 1815 282 1875 eins
302 1816 386 1874 enim
407 1833 465 1897 ope
491 1826 561 1875 rere
580 1814 682 1893 cpolin
704 1822 751 1873 est
772 1814 810 1873 ab
830 1811 964 1873 hostimn
987 1816 1161 1872 incursione
1187 1814 1330 1885 liberata,

217 1911 251 1959 ut
272 1917 377 1960 omnes
400 1902 558 1981 scriptores
571 1901 732 1981 Byzantini
755 1918 816 1958 una
841 1900 933 1959 simul
953 1918 1023 1958 cunr
1039 1896 1145 1959 Pisida
1165 1909 1329 1972 testantur,

217 1987 271 2065 qni
284 2004 352 2043 aem
364 1985 462 2045 solnm
475 1995 577 2045 contra
588 1986 704 2045 Aberes
717 1982 911 2044 dimicantem
926 1994 1140 2065 repraesentat.
1186 1984 1247 2044 sed
1258 1986 1330 2046 Ser·
1359 2036 1360 2061 3

218 2072 305 2149 giam
319 2088 439 2152 quoqne
451 2074 553 2151 ipsum
566 2080 601 2130 ut
613 2071 708 2129 alirnn
726 2070 801 2129 belli
820 2068 930 2130 ducem
947 2072 1247 2152 praestantissimum
1262 2073 1332 2131 nbi-

219 2174 281 2236 qne
294 2155 501 2232 commendat,
529 2155 585 2217 sed
604 2158 658 2238 qui
671 2154 819 2216 secrrndas
833 2167 934 2237 ageret
949 2168 1065 2237 parter,
1089 2176 1150 2215 neo
1162 2160 1227 2216 nisi
1241 2177 1330 2237 preoe
1359 2206 1360 2209 ,

221 2251 252 2301 et
264 2242 397 2302 lacrimis
408 2252 567 2323 pugnaret,
589 2251 620 2302 et
631 2242 756 2321 virginis
772 2240 913 2323 deiparae
928 2252 1004 2302 nutu
1019 2262 1075 2322 ope
1090 2252 1122 2302 et
1134 2244 1268 2303 consilio
1283 2254 1330 2302 tc-
1359 2226 1360 2267 ¹

221 2338 287 2387 tam
299 2346 366 2387 rem
377 2330 542 2389 militarem
556 2326 786 2403 administraret,
809 2350 839 2386 ν.
856 2331 930 2394 230.
972 2330 1065 2407 igitur
1077 2348 1095 2387 a
1108 2331 1265 2409 principio
1278 2350 1328 2388 ns-
1359 2326 1360 2387 ³

222 2432 283 2493 qne
298 2410 338 2472 ad
354 2435 386 2474 ν.
403 2415 465 2479 126
482 2416 618 2475 Abarum
629 2416 730 2493 origo,
756 2413 814 2473 feri
831 2432 930 2473 mores
950 2422 980 2473 et
991 2410 1114 2473 fraudes
1132 2426 1330 2473 enarrantur:

222 2508 294 2556 tnnc
309 2498 414 2559 Pisida
424 2500 541 2559 beilum
552 2504 653 2579 ipsum
667 2500 830 2559 Abaricum
844 2496 1016 2575 exorditur,
1048 2510 1078 2559 et
1096 2500 1180 2559 facta
1200 2498 1242 2560 ad
1259 2502 1330 2560 Ser-

224 2586 310 2661 qum
323 2586 511 2643 invocatione
524 2586 656 2644 multum
669 2587 703 2642 in
718 2587 782 2643 eius
796 2582 901 2644 landes
913 2588 1060 2661 excurrit,
1083 2582 1190 2645 dicens
1203 2608 1234 2645 ν.
1252 2590 1330 2650 13οε

225 2658 254 2729 ci
267 2660 370 2729 ιιᾶνιιι
380 2665 530 2751 πρέπον.
570 2688 628 2729 nec
643 2688 717 2729 sane
734 2672 885 2730 immerito
897 2672 1029 2729 multum
1042 2669 1100 2729 hac
1118 2675 1153 2730 in
1173 2692 1208 2731 re
1224 2672 1329 2751 Sergio

225 2752 379 2811 tribuisset
404 2764 507 2813 noster
527 2754 692 2834 Georgius,
727 2757 753 2813 si
773 2752 899 2815 modum
919 2776 1038 2817 serrare
1056 2768 1179 2817 nosset:
1217 2767 1332 2817 constat
1359 2812 1360 2835 ἶ

225 2840 309 2895 enim
321 2837 421 2918 Sergii
441 2836 596 2899 custodiae
614 2858 676 2899 nna
697 2856 767 2899 cum
787 2840 857 2901 filiis
875 2842 981 2901 urbm
1000 2842 1247 2902 commendatam
1260 2844 1331 2902 reli·
1359 2866 1360 2907 ι

227 2926 329 3005 quisse
345 2925 519 2986 Heraclium
533 2928 746 3007 imperatorem
765 2935 832 2985 tum
849 2946 918 2987 cnm
938 2938 1040 2987 contra
1055 2926 1226 2989 Ohosroam
1241 2929 1329 2987 dimi·
1359 2914 1360 2931 ¹

226 3021 347 3069 caturns
358 3008 511 3087 discessit,
544 3016 628 3075 cuins
649 3013 694 3071 rei
708 3014 793 3071 testis
815 3020 860 3073 eet
880 3023 998 3094 praeter
1016 3004 1130 3073 ceteros
1143 3014 1329 3095 Nicephorns
1359 3072 1360 3099 ρ

229 3094 396 3173 patriarcha
408 3100 441 3155 in
454 3100 584 3157 Historia
596 3121 631 3178 p.
651 3100 703 3161 11.
746 3098 920 3175 Heraclius,
951 3102 1051 3159 Persis
1067 3110 1099 3159 et
1110 3100 1268 3159 Abaribna
1283 3121 1329 3159 eo-

230 3176 302 3237 dem
311 3191 448 3261 tempore
461 3184 688 3259 iniectantibus,
720 3202 790 3241 cum
806 3186 898 3243 simul
913 3193 944 3243 et
956 3185 1037 3243 fame
1052 3195 1083 3243 et
1094 3186 1276 3265 pestilentia
1289 3204 1330 3245 res
1359 3186 1360 3201 ¹

229 3264 349 3342 publice
362 3278 558 3344 premeretur,
572 3272 783 3350 προσεκαλεῖτο
794 3264 924 3353 Σὲργιόν
935 3292 967 3333 τε
978 3266 1033 3335 τᾶν
1045 3274 1102 3351 τῆς
1112 3266 1238 3345 πόλεως
1246 3268 1331 3355 πρόι-

229 3350 322 3428 δρον,
350 3348 394 3413 irs
407 3374 439 3413 rr
454 3351 507 3413 nni
518 3348 664 3432 ἄρχοντος
677 3350 730 3415 stnl
744 3350 777 3416 w·
793 3350 899 3420 λοιπὸν
911 3360 969 3418 rori
984 3358 1062 3418 icari
1074 3354 1180 3436 μέρος,
1208 3359 1331 3441 παρατί-
1359 3372 1360 3375 ’

229 3439 320 3495 einos
334 3428 440 3510 adroic
453 3433 526 3511 roric
541 3438 661 3514 παῖδας,
682 3435 736 3500 nni
748 3442 856 3503 Βοῦνον
869 3437 925 3505 ro's
940 3442 1100 3523 πατρίκιοι
1113 3440 1270 3523 ἐγχειρίζει
1284 3437 1329 3513 rn'r
1359 3486 1360 3489 ,

231 3522 294 3581 cciv
306 3518 490 3603 πραγμάτων
503 3517 674 3603 διοικήσεις.
720 3532 752 3581 at
766 3524 879 3603 Pisida,
896 3524 978 3609 quod
991 3525 1116 3609 quidem
1126 3528 1266 3605 plurium
1280 3547 1328 3607 ope
1359 3560 1360 3581 2

231 3613 263 3663 et
275 3608 384 3666 virtute
397 3608 568 3669 confectum
581 3611 656 3685 fuit,
685 3619 784 3668 totum
797 3609 830 3669 id
846 3612 941 3672 voluit
958 3609 998 3671 ad
1009 3613 1109 3693 Sergii
1123 3616 1273 3691 pietatem
1290 3634 1330 3671 re·

231 3692 327 3767 ferre,
355 3704 389 3752 nt
404 3694 613 3755 tantummodo
625 3716 661 3755 eo
675 3706 815 3775 gemente
833 3707 864 3756 et
876 3698 992 3778 virgine
1005 3697 1130 3778 deipara
1147 3708 1328 3779 protegente.

232 3778 324 3838 nullis
346 3796 418 3838 vero
439 3778 579 3842 humanis
595 3780 708 3843 viribus
721 3780 941 3861 adnitentibus,
970 3796 1000 3844 et
1015 3784 1121 3843 urbem
1138 3796 1293 3846 serratam
1307 3792 1329 3839 et
1359 3808 1360 3815 ¹

233 3876 350 3943 partam
364 3868 520 3926 victoriam
531 3888 597 3928 esse
611 3876 769 3929 constaret.
