<?xml version="1.0" encoding="UTF-8"?>
<!DOCTYPE html PUBLIC "-//W3C//DTD XHTML 1.0 Transitional//EN"
    "http://www.w3.org/TR/xhtml1/DTD/xhtml1-transitional.dtd">
<html xmlns="http://www.w3.org/1999/xhtml" xml:lang="en" lang="en">
 <head>
  <title>
</title>
<meta http-equiv="Content-Type" content="text/html;charset=utf-8" />
  <meta name='ocr-system' content='tesseract 3.04.00' />
  <meta name='ocr-capabilities' content='ocr_page ocr_carea ocr_par ocr_line ocrx_word'/>
</head>
<body>
  <div class='ocr_page' id='page_1' title='image "./corpusscriptoru71theogoog/corpusscriptoru71theogoog_0088.png"; bbox 0 0 2792 4709; ppageno 0'>
   <div class='ocr_carea' id='block_1_1' title="bbox 203 148 872 227">
    <p class='ocr_par' dir='ltr' id='par_1_1' title="bbox 203 148 872 227">
     <span class='ocr_line' id='line_1_1' title="bbox 203 148 872 227; baseline -0.016 0"><span class='ocrx_word' id='word_1_1' title='bbox 203 156 255 227; x_wconf 81' lang='grc'>70</span> <span class='ocrx_word' id='word_1_2' title='bbox 643 151 706 220; x_wconf 89' lang='lat' dir='ltr'>DU</span> <span class='ocrx_word' id='word_1_3' title='bbox 731 148 872 218; x_wconf 69' lang='lat' dir='ltr'>utnon</span> 
     </span>
    </p>
   </div>
   <div class='ocr_carea' id='block_1_2' title="bbox 106 314 1384 3971">
    <p class='ocr_par' dir='ltr' id='par_1_2' title="bbox 201 314 1318 731">
     <span class='ocr_line' id='line_1_2' title="bbox 201 314 1318 402; baseline -0.007 -21"><span class='ocrx_word' id='word_1_4' title='bbox 201 322 297 402; x_wconf 77' lang='grc' dir='ltr'><strong><em>μανλα</em></strong></span> <span class='ocrx_word' id='word_1_5' title='bbox 318 320 355 379; x_wconf 83' lang='lat' dir='ltr'>ds</span> <span class='ocrx_word' id='word_1_6' title='bbox 377 317 496 377; x_wconf 80' lang='lat' dir='ltr'>mcrbrs</span> <span class='ocrx_word' id='word_1_7' title='bbox 520 326 712 395; x_wconf 71' lang='lat' dir='ltr'>comparent</span> <span class='ocrx_word' id='word_1_8' title='bbox 712 359 725 387; x_wconf 89' lang='lat'><em>,</em></span> <span class='ocrx_word' id='word_1_9' title='bbox 749 327 777 373; x_wconf 83' lang='lat' dir='ltr'>et</span> <span class='ocrx_word' id='word_1_10' title='bbox 791 314 829 374; x_wconf 82' lang='lat' dir='ltr'>de</span> <span class='ocrx_word' id='word_1_11' title='bbox 836 315 991 395; x_wconf 76' lang='lat' dir='ltr'>pluot‘curs</span> <span class='ocrx_word' id='word_1_12' title='bbox 997 318 1105 393; x_wconf 72' lang='lat' dir='ltr'>petitos</span> <span class='ocrx_word' id='word_1_13' title='bbox 1119 314 1262 374; x_wconf 79' lang='lat' dir='ltr'>colonncs</span> <span class='ocrx_word' id='word_1_14' title='bbox 1274 315 1318 376; x_wconf 79' lang='lat' dir='ltr'>de</span> 
     </span>
     <span class='ocr_line' id='line_1_3' title="bbox 205 398 1317 483; baseline -0.004 -17"><span class='ocrx_word' id='word_1_15' title='bbox 205 406 324 466; x_wconf 81' lang='lat' dir='ltr'>marbre</span> <span class='ocrx_word' id='word_1_16' title='bbox 346 415 376 463; x_wconf 83' lang='lat' dir='ltr'>et</span> <span class='ocrx_word' id='word_1_17' title='bbox 398 404 435 462; x_wconf 85' lang='lat' dir='ltr'>de</span> <span class='ocrx_word' id='word_1_18' title='bbox 457 405 616 480; x_wconf 70' lang='lat' dir='ltr'>corporum.</span> <span class='ocrx_word' id='word_1_19' title='bbox 660 412 752 483; x_wconf 85' lang='lat' dir='ltr'>utque</span> <span class='ocrx_word' id='word_1_20' title='bbox 771 398 881 459; x_wconf 89' lang='lat' dir='ltr'>harum</span> <span class='ocrx_word' id='word_1_21' title='bbox 895 398 1019 482; x_wconf 87' lang='lat' dir='ltr'>quidem</span> <span class='ocrx_word' id='word_1_22' title='bbox 1032 402 1242 460; x_wconf 89' lang='lat' dir='ltr'>columnarum</span> <span class='ocrx_word' id='word_1_23' title='bbox 1258 422 1317 461; x_wconf 89' lang='lat' dir='ltr'>oa-</span> 
     </span>
     <span class='ocr_line' id='line_1_4' title="bbox 205 487 1313 573; baseline -0.003 -23"><span class='ocrx_word' id='word_1_24' title='bbox 205 493 311 573; x_wconf 85' lang='lat' dir='ltr'>pitella</span> <span class='ocrx_word' id='word_1_25' title='bbox 338 508 426 549; x_wconf 88' lang='lat' dir='ltr'>aerea</span> <span class='ocrx_word' id='word_1_26' title='bbox 450 499 574 568; x_wconf 83' lang='lat' dir='ltr'>argento</span> <span class='ocrx_word' id='word_1_27' title='bbox 597 496 627 547; x_wconf 88' lang='lat' dir='ltr'>et</span> <span class='ocrx_word' id='word_1_28' title='bbox 647 505 720 547; x_wconf 88' lang='lat' dir='ltr'>auro</span> <span class='ocrx_word' id='word_1_29' title='bbox 741 495 936 546; x_wconf 86' lang='lat' dir='ltr'>exornantur.</span> <span class='ocrx_word' id='word_1_30' title='bbox 978 487 1168 547; x_wconf 70' lang='lat' dir='ltr'>silentiarius</span> <span class='ocrx_word' id='word_1_31' title='bbox 1188 498 1271 566; x_wconf 90' lang='lat' dir='ltr'>part.</span> <span class='ocrx_word' id='word_1_32' title='bbox 1293 492 1313 552; x_wconf 91' lang='lat'>1</span> 
     </span>
     <span class='ocr_line' id='line_1_5' title="bbox 206 574 1053 643; baseline 0.001 -3"><span class='ocrx_word' id='word_1_33' title='bbox 206 597 237 639; x_wconf 79' lang='grc' dir='ltr'><strong><em>τ.</em></strong></span> <span class='ocrx_word' id='word_1_34' title='bbox 253 578 335 643; x_wconf 81' lang='lat'><strong>252:</strong></span> <span class='ocrx_word' id='word_1_35' title='bbox 1040 574 1053 611; x_wconf 65' lang='lat'>&#39;¹</span> 
     </span>
     <span class='ocr_line' id='line_1_6' title="bbox 704 647 930 731; baseline -0.004 -13"><span class='ocrx_word' id='word_1_36' title='bbox 704 647 750 719; x_wconf 84' lang='grc' dir='ltr'>οδν</span> <span class='ocrx_word' id='word_1_37' title='bbox 762 651 825 719; x_wconf 80' lang='grc' dir='ltr'><strong><em>ιλτιδ</em></strong></span> <span class='ocrx_word' id='word_1_38' title='bbox 836 652 930 731; x_wconf 71' lang='grc' dir='ltr'><strong><em>ιεὲζαν</em></strong></span> 
     </span>
    </p>

    <p class='ocr_par' dir='ltr' id='par_1_3' title="bbox 371 735 1040 823">
     <span class='ocr_line' id='line_1_7' title="bbox 371 735 1040 823; baseline -0.006 -18"><span class='ocrx_word' id='word_1_39' title='bbox 371 740 473 816; x_wconf 73' lang='grc' dir='ltr'><strong><em>κίονες</em></strong></span> <span class='ocrx_word' id='word_1_40' title='bbox 486 735 648 823; x_wconf 72' lang='grc' dir='ltr'><strong><em>ἱδρύσαντο</em></strong></span> <span class='ocrx_word' id='word_1_41' title='bbox 661 736 797 823; x_wconf 87' lang='grc' dir='ltr'><strong><em>καρήατα</em></strong></span> <span class='ocrx_word' id='word_1_42' title='bbox 812 740 918 821; x_wconf 74' lang='grc' dir='ltr'><strong><em>δέσμια</em></strong></span> <span class='ocrx_word' id='word_1_43' title='bbox 929 742 1040 821; x_wconf 77' lang='grc' dir='ltr'><strong><em>χαλκῷ,</em></strong></span> 
     </span>
    </p>

    <p class='ocr_par' dir='ltr' id='par_1_4' title="bbox 205 817 1315 1251">
     <span class='ocr_line' id='line_1_8' title="bbox 369 817 1159 909; baseline -0.001 -20"><span class='ocrx_word' id='word_1_44' title='bbox 369 822 494 909; x_wconf 80' lang='grc' dir='ltr'><strong><em>χλεόκια</em></strong></span> <span class='ocrx_word' id='word_1_45' title='bbox 510 822 738 906; x_wconf 84' lang='grc' dir='ltr'><strong><em>χρυσεότευκτα,</em></strong></span> <span class='ocrx_word' id='word_1_46' title='bbox 758 817 991 907; x_wconf 73' lang='grc' dir='ltr'><strong><em>παραπλάζουσα</em></strong></span> <span class='ocrx_word' id='word_1_47' title='bbox 1004 823 1159 905; x_wconf 75' lang='grc' dir='ltr'><strong><em>μερίμνας.</em></strong></span> 
     </span>
     <span class='ocr_line' id='line_1_9' title="bbox 207 910 1315 995; baseline -0.003 -22"><span class='ocrx_word' id='word_1_48' title='bbox 207 931 285 995; x_wconf 89' lang='lat' dir='ltr'>quos</span> <span class='ocrx_word' id='word_1_49' title='bbox 307 910 431 993; x_wconf 89' lang='lat' dir='ltr'>quidem</span> <span class='ocrx_word' id='word_1_50' title='bbox 455 922 575 971; x_wconf 89' lang='lat' dir='ltr'>ornatus</span> <span class='ocrx_word' id='word_1_51' title='bbox 598 914 742 992; x_wconf 84' lang='lat' dir='ltr'>temporis</span> <span class='ocrx_word' id='word_1_52' title='bbox 764 912 873 969; x_wconf 87' lang='lat' dir='ltr'>iniuria</span> <span class='ocrx_word' id='word_1_53' title='bbox 893 930 929 969; x_wconf 89' lang='lat' dir='ltr'>nc</span> <span class='ocrx_word' id='word_1_54' title='bbox 949 920 1097 970; x_wconf 81' lang='lat' dir='ltr'>vetustate</span> <span class='ocrx_word' id='word_1_55' title='bbox 1117 920 1315 990; x_wconf 83' lang='lat' dir='ltr'>consumptos</span> 
     </span>
     <span class='ocr_line' id='line_1_10' title="bbox 207 991 1315 1077; baseline 0.002 -20"><span class='ocrx_word' id='word_1_56' title='bbox 207 998 362 1057; x_wconf 82' lang='lat' dir='ltr'>renovavit</span> <span class='ocrx_word' id='word_1_57' title='bbox 375 999 528 1056; x_wconf 82' lang='lat' dir='ltr'>Romanus</span> <span class='ocrx_word' id='word_1_58' title='bbox 542 999 687 1077; x_wconf 83' lang='lat' dir='ltr'>Argyros.</span> <span class='ocrx_word' id='word_1_59' title='bbox 730 996 892 1076; x_wconf 76' lang='lat' dir='ltr'>Scylitnes:</span> <span class='ocrx_word' id='word_1_60' title='bbox 911 991 1138 1077; x_wconf 79' lang='grc' dir='ltr'><strong><em>κατελόμτιρυνε</em></strong></span> <span class='ocrx_word' id='word_1_61' title='bbox 1155 994 1190 1058; x_wconf 78' lang='grc' dir='ltr'><strong><em>δὲ</em></strong></span> <span class='ocrx_word' id='word_1_62' title='bbox 1206 998 1259 1058; x_wconf 86' lang='grc' dir='ltr'>καλ</span> <span class='ocrx_word' id='word_1_63' title='bbox 1274 993 1315 1059; x_wconf 71' lang='grc' dir='ltr'><strong><em>τό</em></strong></span> 
     </span>
     <span class='ocr_line' id='line_1_11' title="bbox 207 1076 1315 1164; baseline -0.002 -17"><span class='ocrx_word' id='word_1_64' title='bbox 207 1076 393 1162; x_wconf 77' lang='grc' dir='ltr'><strong><em>κιονόκρανα</em></strong></span> <span class='ocrx_word' id='word_1_65' title='bbox 412 1086 467 1161; x_wconf 84' lang='grc' dir='ltr'>τής</span> <span class='ocrx_word' id='word_1_66' title='bbox 491 1076 620 1163; x_wconf 74' lang='grc' dir='ltr'><strong><em>μεγάλης</em></strong></span> <span class='ocrx_word' id='word_1_67' title='bbox 645 1081 803 1161; x_wconf 73' lang='grc' dir='ltr'><strong><em>ἐκκλησίας</em></strong></span> <span class='ocrx_word' id='word_1_68' title='bbox 822 1078 875 1144; x_wconf 82' lang='grc' dir='ltr'>καλ</span> <span class='ocrx_word' id='word_1_69' title='bbox 894 1084 950 1163; x_wconf 82' lang='grc' dir='ltr'>τῆς</span> <span class='ocrx_word' id='word_1_70' title='bbox 968 1077 1137 1164; x_wconf 82' lang='grc' dir='ltr'><strong><em>ιλκεραχλας</em></strong></span> <span class='ocrx_word' id='word_1_71' title='bbox 1158 1076 1315 1145; x_wconf 86' lang='grc' dir='ltr'><strong><em>θευτόκοα</em></strong></span> 
     </span>
     <span class='ocr_line' id='line_1_12' title="bbox 205 1159 778 1251; baseline -0.003 -20"><span class='ocrx_word' id='word_1_72' title='bbox 205 1173 268 1232; x_wconf 71' lang='grc' dir='ltr'><strong><em>τοῖν</em></strong></span> <span class='ocrx_word' id='word_1_73' title='bbox 279 1170 457 1247; x_wconf 77' lang='grc' dir='ltr'><strong><em>Βλαχερυοῖν</em></strong></span> <span class='ocrx_word' id='word_1_74' title='bbox 470 1159 592 1251; x_wconf 77' lang='grc' dir='ltr'><strong><em>α’ρχυρῷ</em></strong></span> <span class='ocrx_word' id='word_1_75' title='bbox 604 1164 656 1227; x_wconf 85' lang='grc' dir='ltr'>καλ</span> <span class='ocrx_word' id='word_1_76' title='bbox 668 1170 778 1251; x_wconf 80' lang='grc' dir='ltr'><strong><em>χρυσῷ.</em></strong></span> 
     </span>
    </p>

    <p class='ocr_par' dir='ltr' id='par_1_5' title="bbox 205 1245 1316 1758">
     <span class='ocr_line' id='line_1_13' title="bbox 291 1245 1316 1331; baseline -0.007 -16"><span class='ocrx_word' id='word_1_77' title='bbox 291 1254 342 1317; x_wconf 86' lang='grc'><strong>11.</strong></span> <span class='ocrx_word' id='word_1_78' title='bbox 384 1249 447 1311; x_wconf 87' lang='lat' dir='ltr'>Sed</span> <span class='ocrx_word' id='word_1_79' title='bbox 458 1260 574 1330; x_wconf 78' lang='lat' dir='ltr'>praeter</span> <span class='ocrx_word' id='word_1_80' title='bbox 587 1248 665 1309; x_wconf 87' lang='lat' dir='ltr'>hauc</span> <span class='ocrx_word' id='word_1_81' title='bbox 677 1252 836 1311; x_wconf 86' lang='lat' dir='ltr'>marmoris</span> <span class='ocrx_word' id='word_1_82' title='bbox 846 1245 1011 1309; x_wconf 81' lang='lat' dir='ltr'>inctmdom</span> <span class='ocrx_word' id='word_1_83' title='bbox 1022 1260 1199 1331; x_wconf 73' lang='lat' dir='ltr'>gratamque</span> <span class='ocrx_word' id='word_1_84' title='bbox 1210 1252 1316 1309; x_wconf 81' lang='lat' dir='ltr'>varie-</span> 
     </span>
     <span class='ocr_line' id='line_1_14' title="bbox 205 1337 1316 1417; baseline -0.003 -20"><span class='ocrx_word' id='word_1_85' title='bbox 205 1348 317 1413; x_wconf 83' lang='lat' dir='ltr'>tatem,</span> <span class='ocrx_word' id='word_1_86' title='bbox 344 1340 461 1395; x_wconf 81' lang='lat' dir='ltr'>musivo</span> <span class='ocrx_word' id='word_1_87' title='bbox 482 1337 594 1417; x_wconf 89' lang='lat' dir='ltr'>ubique</span> <span class='ocrx_word' id='word_1_88' title='bbox 613 1337 677 1395; x_wconf 83' lang='lat' dir='ltr'>fera</span> <span class='ocrx_word' id='word_1_89' title='bbox 697 1347 869 1396; x_wconf 88' lang='lat' dir='ltr'>exornatur.</span> <span class='ocrx_word' id='word_1_90' title='bbox 922 1354 1058 1395; x_wconf 82' lang='lat' dir='ltr'>camerae</span> <span class='ocrx_word' id='word_1_91' title='bbox 1081 1339 1180 1409; x_wconf 88' lang='lat' dir='ltr'>enim,</span> <span class='ocrx_word' id='word_1_92' title='bbox 1211 1338 1316 1417; x_wconf 90' lang='lat' dir='ltr'>iuquit</span> 
     </span>
     <span class='ocr_line' id='line_1_15' title="bbox 207 1420 1316 1503; baseline -0.003 -22"><span class='ocrx_word' id='word_1_93' title='bbox 207 1424 344 1503; x_wconf 80' lang='lat' dir='ltr'>Gyllius,</span> <span class='ocrx_word' id='word_1_94' title='bbox 370 1422 492 1480; x_wconf 83' lang='lat' dir='ltr'>calculis</span> <span class='ocrx_word' id='word_1_95' title='bbox 514 1432 545 1480; x_wconf 83' lang='lat' dir='ltr'>et</span> <span class='ocrx_word' id='word_1_96' title='bbox 567 1422 696 1481; x_wconf 83' lang='lat' dir='ltr'>tessellis</span> <span class='ocrx_word' id='word_1_97' title='bbox 714 1423 817 1481; x_wconf 82' lang='lat' dir='ltr'>vitreis</span> <span class='ocrx_word' id='word_1_98' title='bbox 838 1423 982 1479; x_wconf 76' lang='lat' dir='ltr'>inauratis</span> <span class='ocrx_word' id='word_1_99' title='bbox 1004 1421 1139 1500; x_wconf 79' lang='lat' dir='ltr'>fulgent,</span> <span class='ocrx_word' id='word_1_100' title='bbox 1158 1423 1252 1478; x_wconf 88' lang='lat' dir='ltr'>etiarn</span> <span class='ocrx_word' id='word_1_101' title='bbox 1273 1420 1316 1479; x_wconf 81' lang='lat' dir='ltr'>ud</span> 
     </span>
     <span class='ocr_line' id='line_1_16' title="bbox 211 1507 1316 1586; baseline -0.004 -19"><span class='ocrx_word' id='word_1_102' title='bbox 211 1510 314 1567; x_wconf 88' lang='lat' dir='ltr'>oculos</span> <span class='ocrx_word' id='word_1_103' title='bbox 334 1507 545 1582; x_wconf 87' lang='lat' dir='ltr'>barbarorum,</span> <span class='ocrx_word' id='word_1_104' title='bbox 566 1509 599 1565; x_wconf 89' lang='lat' dir='ltr'>in</span> <span class='ocrx_word' id='word_1_105' title='bbox 615 1507 724 1586; x_wconf 89' lang='lat' dir='ltr'>quibus</span> <span class='ocrx_word' id='word_1_106' title='bbox 738 1526 899 1586; x_wconf 86' lang='lat' dir='ltr'>expressae</span> <span class='ocrx_word' id='word_1_107' title='bbox 911 1508 1013 1565; x_wconf 78' lang='lat' dir='ltr'>varice</span> <span class='ocrx_word' id='word_1_108' title='bbox 1025 1516 1187 1568; x_wconf 85' lang='lat' dir='ltr'>cernuntur</span> <span class='ocrx_word' id='word_1_109' title='bbox 1199 1508 1316 1585; x_wconf 84' lang='lat' dir='ltr'>imagi-</span> 
     </span>
     <span class='ocr_line' id='line_1_17' title="bbox 209 1592 1315 1671; baseline -0.001 -20"><span class='ocrx_word' id='word_1_110' title='bbox 209 1612 264 1651; x_wconf 84' lang='lat' dir='ltr'>nes</span> <span class='ocrx_word' id='word_1_111' title='bbox 279 1593 451 1670; x_wconf 68' lang='lat' dir='ltr'>othgarius,</span> <span class='ocrx_word' id='word_1_112' title='bbox 472 1593 514 1650; x_wconf 87' lang='lat' dir='ltr'>ita</span> <span class='ocrx_word' id='word_1_113' title='bbox 530 1600 564 1651; x_wconf 88' lang='lat' dir='ltr'>ut</span> <span class='ocrx_word' id='word_1_114' title='bbox 578 1593 758 1651; x_wconf 88' lang='lat' dir='ltr'>tabellarum</span> <span class='ocrx_word' id='word_1_115' title='bbox 771 1594 868 1652; x_wconf 84' lang='lat' dir='ltr'>vicem</span> <span class='ocrx_word' id='word_1_116' title='bbox 881 1593 1035 1671; x_wconf 78' lang='lat' dir='ltr'>expleant.</span> <span class='ocrx_word' id='word_1_117' title='bbox 1076 1592 1190 1651; x_wconf 85' lang='lat' dir='ltr'>Paulus</span> <span class='ocrx_word' id='word_1_118' title='bbox 1209 1592 1315 1652; x_wconf 85' lang='lat' dir='ltr'>Silen-</span> 
     </span>
     <span class='ocr_line' id='line_1_18' title="bbox 209 1678 569 1758; baseline -0.008 -23"><span class='ocrx_word' id='word_1_119' title='bbox 209 1678 313 1737; x_wconf 87' lang='lat' dir='ltr'>tiurius</span> <span class='ocrx_word' id='word_1_120' title='bbox 325 1686 403 1758; x_wconf 85' lang='lat' dir='ltr'>part.</span> <span class='ocrx_word' id='word_1_121' title='bbox 416 1680 437 1740; x_wconf 84' lang='lat'><em>2</em></span> <span class='ocrx_word' id='word_1_122' title='bbox 450 1696 479 1735; x_wconf 75' lang='grc' dir='ltr'><strong><em>ν.</em></strong></span> <span class='ocrx_word' id='word_1_123' title='bbox 493 1682 569 1741; x_wconf 75' lang='lat'><strong>230:</strong></span> 
     </span>
    </p>

    <p class='ocr_par' dir='ltr' id='par_1_6' title="bbox 212 1755 1320 2887">
     <span class='ocr_line' id='line_1_19' title="bbox 373 1755 1114 1843; baseline 0.001 -21"><span class='ocrx_word' id='word_1_124' title='bbox 373 1760 448 1843; x_wconf 86' lang='grc' dir='ltr'><strong><em>ττρλν</em></strong></span> <span class='ocrx_word' id='word_1_125' title='bbox 461 1756 494 1822; x_wconf 76' lang='grc' dir='ltr'><strong><em>δὲ</em></strong></span> <span class='ocrx_word' id='word_1_126' title='bbox 509 1755 711 1841; x_wconf 82' lang='grc' dir='ltr'><strong><em>ττολυτμήτοιο</em></strong></span> <span class='ocrx_word' id='word_1_127' title='bbox 726 1758 814 1836; x_wconf 81' lang='grc' dir='ltr'><strong><em>σδλας</em></strong></span> <span class='ocrx_word' id='word_1_128' title='bbox 826 1761 967 1841; x_wconf 78' lang='grc' dir='ltr'><strong><em>ψηφῖδας</em></strong></span> <span class='ocrx_word' id='word_1_129' title='bbox 982 1757 1114 1839; x_wconf 78' lang='grc' dir='ltr'><strong><em>λκὲσθαι,</em></strong></span> 
     </span>
     <span class='ocr_line' id='line_1_20' title="bbox 371 1840 1072 1952; baseline -0.003 -43"><span class='ocrx_word' id='word_1_130' title='bbox 371 1840 483 1919; x_wconf 79' lang='grc' dir='ltr'><strong><em>λεπτός</em></strong></span> <span class='ocrx_word' id='word_1_131' title='bbox 495 1841 639 1927; x_wconf 87' lang='grc' dir='ltr'><strong><em>λαότορος</em></strong></span> <span class='ocrx_word' id='word_1_132' title='bbox 653 1842 777 1952; x_wconf 76' lang='grc' dir='ltr'><strong><em>τταλόμχ</em></strong></span> <span class='ocrx_word' id='word_1_133' title='bbox 792 1842 915 1949; x_wconf 63' lang='grc' dir='ltr'><strong><em>λόβγχας</em></strong></span> <span class='ocrx_word' id='word_1_134' title='bbox 927 1844 1072 1925; x_wconf 79' lang='grc' dir='ltr'><strong><em>δφαῖνιιν</em></strong></span> 
     </span>
     <span class='ocr_line' id='line_1_21' title="bbox 373 1928 1185 2100; baseline -0.004 -21"><span class='ocrx_word' id='word_1_135' title='bbox 373 1928 1185 2100; x_wconf 44' lang='lat' dir='ltr'>liiiilffhlissffo‘.feie&#39;Zss‘i‘l&#39;iie‘i&#39;iss&#39;i{illm</span> 
     </span>
     <span class='ocr_line' id='line_1_22' title="bbox 375 2095 863 2181; baseline -0.01 -18"><span class='ocrx_word' id='word_1_136' title='bbox 375 2098 428 2163; x_wconf 86' lang='grc' dir='ltr'>καλ</span> <span class='ocrx_word' id='word_1_137' title='bbox 440 2095 589 2181; x_wconf 75' lang='grc' dir='ltr'><strong><em>ταλάρους</em></strong></span> <span class='ocrx_word' id='word_1_138' title='bbox 601 2100 653 2162; x_wconf 88' lang='grc' dir='ltr'>καλ</span> <span class='ocrx_word' id='word_1_139' title='bbox 668 2096 785 2179; x_wconf 72' lang='grc' dir='ltr'><strong><em>φύλλα,</em></strong></span> <span class='ocrx_word' id='word_1_140' title='bbox 804 2112 863 2159; x_wconf 88' lang='lat' dir='ltr'>stc.</span> 
     </span>
     <span class='ocr_line' id='line_1_23' title="bbox 212 2180 1163 2265; baseline 0.004 -24"><span class='ocrx_word' id='word_1_141' title='bbox 212 2193 243 2242; x_wconf 88' lang='lat' dir='ltr'>et</span> <span class='ocrx_word' id='word_1_142' title='bbox 253 2200 314 2265; x_wconf 89' lang='lat' dir='ltr'>quo</span> <span class='ocrx_word' id='word_1_143' title='bbox 327 2180 468 2246; x_wconf 84' lang='lat' dir='ltr'>describit</span> <span class='ocrx_word' id='word_1_144' title='bbox 481 2186 548 2245; x_wconf 88' lang='lat' dir='ltr'>loco</span> <span class='ocrx_word' id='word_1_145' title='bbox 563 2188 696 2265; x_wconf 88' lang='lat' dir='ltr'>porticus</span> <span class='ocrx_word' id='word_1_146' title='bbox 710 2190 820 2245; x_wconf 75' lang='lat' dir='ltr'>amum</span> <span class='ocrx_word' id='word_1_147' title='bbox 834 2186 1016 2262; x_wconf 79' lang='lat' dir='ltr'>ambientes,</span> <span class='ocrx_word' id='word_1_148' title='bbox 1037 2205 1069 2245; x_wconf 85' lang='grc' dir='ltr'><strong><em>τ.</em></strong></span> <span class='ocrx_word' id='word_1_149' title='bbox 1082 2186 1163 2252; x_wconf 77' lang='lat'><strong>190:</strong></span> 
     </span>
     <span class='ocr_line' id='line_1_24' title="bbox 709 2265 1199 2353; baseline -0.002 -19"><span class='ocrx_word' id='word_1_150' title='bbox 709 2265 909 2352; x_wconf 77' lang='grc' dir='ltr'><strong><em>πολυκμήτου</em></strong></span> <span class='ocrx_word' id='word_1_151' title='bbox 927 2267 961 2333; x_wconf 83' lang='grc' dir='ltr'>δδ</span> <span class='ocrx_word' id='word_1_152' title='bbox 976 2266 1129 2349; x_wconf 72' lang='grc' dir='ltr'>μετάλλων</span> <span class='ocrx_word' id='word_1_153' title='bbox 1195 2344 1199 2353; x_wconf 31' lang='grc' dir='ltr'>Ι</span> 
     </span>
     <span class='ocr_line' id='line_1_25' title="bbox 376 2351 1130 2439; baseline 0 -21"><span class='ocrx_word' id='word_1_154' title='bbox 376 2352 509 2437; x_wconf 63' lang='lat' dir='ltr'>dococto</span> <span class='ocrx_word' id='word_1_155' title='bbox 526 2356 726 2439; x_wconf 83' lang='grc' dir='ltr'><strong><em>χραφλδεσσιν</em></strong></span> <span class='ocrx_word' id='word_1_156' title='bbox 740 2352 884 2432; x_wconf 63' lang='lat' dir='ltr'>testeos·</span> <span class='ocrx_word' id='word_1_157' title='bbox 909 2355 942 2420; x_wconf 80' lang='grc' dir='ltr'>δν</span> <span class='ocrx_word' id='word_1_158' title='bbox 955 2351 1014 2438; x_wconf 80' lang='grc' dir='ltr'><strong><em>χοῖρ</em></strong></span> <span class='ocrx_word' id='word_1_159' title='bbox 1027 2354 1130 2439; x_wconf 79' lang='grc' dir='ltr'><strong><em>διιτίνη</em></strong></span> 
     </span>
     <span class='ocr_line' id='line_1_26' title="bbox 375 2433 1088 2523; baseline 0.001 -21"><span class='ocrx_word' id='word_1_160' title='bbox 375 2436 567 2523; x_wconf 84' lang='grc' dir='ltr'><strong><em>τετρατόμοις</em></strong></span> <span class='ocrx_word' id='word_1_161' title='bbox 580 2438 683 2505; x_wconf 83' lang='grc' dir='ltr'><strong><em>λόεσοι</em></strong></span> <span class='ocrx_word' id='word_1_162' title='bbox 694 2442 747 2505; x_wconf 87' lang='grc' dir='ltr'>καλ</span> <span class='ocrx_word' id='word_1_163' title='bbox 761 2437 953 2520; x_wconf 86' lang='grc' dir='ltr'><strong><em>όκτατόμοισι</em></strong></span> <span class='ocrx_word' id='word_1_164' title='bbox 965 2433 1088 2520; x_wconf 80' lang='grc' dir='ltr'><strong><em>νοήσεις</em></strong></span> 
     </span>
     <span class='ocr_line' id='line_1_27' title="bbox 377 2520 1227 2609; baseline 0.002 -21"><span class='ocrx_word' id='word_1_165' title='bbox 377 2526 574 2609; x_wconf 77' lang='grc' dir='ltr'><strong><em>ζευχνυμένας</em></strong></span> <span class='ocrx_word' id='word_1_166' title='bbox 586 2522 661 2591; x_wconf 84' lang='grc' dir='ltr'><strong><em>κατδ</em></strong></span> <span class='ocrx_word' id='word_1_167' title='bbox 675 2524 792 2609; x_wconf 77' lang='grc' dir='ltr'><strong><em>κόσμον</em></strong></span> <span class='ocrx_word' id='word_1_168' title='bbox 805 2526 885 2609; x_wconf 80' lang='grc' dir='ltr'><strong><em>δμοῦ</em></strong></span> <span class='ocrx_word' id='word_1_169' title='bbox 897 2525 1027 2607; x_wconf 75' lang='grc' dir='ltr'><strong><em>φλέβας·</em></strong></span> <span class='ocrx_word' id='word_1_170' title='bbox 1050 2520 1179 2609; x_wconf 81' lang='grc' dir='ltr'><strong><em>οἷχλαῖηυ</em></strong></span> <span class='ocrx_word' id='word_1_171' title='bbox 1191 2521 1227 2590; x_wconf 79' lang='grc' dir='ltr'>δδ</span> 
     </span>
     <span class='ocr_line' id='line_1_28' title="bbox 375 2608 1036 2694; baseline 0 -22"><span class='ocrx_word' id='word_1_172' title='bbox 375 2612 538 2683; x_wconf 63' lang='lat' dir='ltr'>{aaronem</span> <span class='ocrx_word' id='word_1_173' title='bbox 556 2608 674 2694; x_wconf 78' lang='grc' dir='ltr'><strong><em>λόΐχγες</em></strong></span> <span class='ocrx_word' id='word_1_174' title='bbox 691 2608 877 2694; x_wconf 72' lang='grc' dir='ltr'><strong><em>ἐμιμήσαντο</em></strong></span> <span class='ocrx_word' id='word_1_175' title='bbox 892 2613 1036 2675; x_wconf 75' lang='grc' dir='ltr'><strong><em>δοθεῖσαι</em></strong></span> 
     </span>
     <span class='ocr_line' id='line_1_29' title="bbox 213 2687 1320 2775; baseline 0.009 -28"><span class='ocrx_word' id='word_1_176' title='bbox 213 2688 336 2750; x_wconf 85' lang='lat' dir='ltr'>Manuel</span> <span class='ocrx_word' id='word_1_177' title='bbox 356 2692 570 2775; x_wconf 72' lang='lat' dir='ltr'>chrysolanus:</span> <span class='ocrx_word' id='word_1_178' title='bbox 603 2694 641 2761; x_wconf 80' lang='grc' dir='ltr'><strong><em>οδ</em></strong></span> <span class='ocrx_word' id='word_1_179' title='bbox 661 2696 733 2773; x_wconf 69' lang='lat' dir='ltr'>roric</span> <span class='ocrx_word' id='word_1_180' title='bbox 753 2700 874 2774; x_wconf 86' lang='grc' dir='ltr'><strong><em>κῖονας,</em></strong></span> <span class='ocrx_word' id='word_1_181' title='bbox 896 2690 935 2759; x_wconf 91' lang='grc' dir='ltr'>ου’</span> <span class='ocrx_word' id='word_1_182' title='bbox 957 2693 1012 2770; x_wconf 77' lang='grc' dir='ltr'><strong><em>τοῖς</em></strong></span> <span class='ocrx_word' id='word_1_183' title='bbox 1031 2696 1189 2775; x_wconf 86' lang='grc' dir='ltr'><strong><em>ψηφῖδας,</em></strong></span> <span class='ocrx_word' id='word_1_184' title='bbox 1210 2687 1251 2758; x_wconf 85' lang='grc' dir='ltr'>ου’</span> <span class='ocrx_word' id='word_1_185' title='bbox 1262 2690 1320 2770; x_wconf 76' lang='grc' dir='ltr'>τός</span> 
     </span>
     <span class='ocr_line' id='line_1_30' title="bbox 213 2774 1319 2887; baseline 0.007 -51"><span class='ocrx_word' id='word_1_186' title='bbox 213 2779 276 2838; x_wconf 79' lang='grc' dir='ltr'><strong><em>ταῖν</em></strong></span> <span class='ocrx_word' id='word_1_187' title='bbox 292 2780 400 2858; x_wconf 76' lang='grc' dir='ltr'><strong><em>τοίχων</em></strong></span> <span class='ocrx_word' id='word_1_188' title='bbox 416 2780 640 2863; x_wconf 77' lang='grc' dir='ltr'><strong><em>μαρμαροόσεις,</em></strong></span> <span class='ocrx_word' id='word_1_189' title='bbox 663 2776 702 2845; x_wconf 79' lang='grc' dir='ltr'><strong><em>οδ</em></strong></span> <span class='ocrx_word' id='word_1_190' title='bbox 722 2777 780 2862; x_wconf 87' lang='grc' dir='ltr'>τήν</span> <span class='ocrx_word' id='word_1_191' title='bbox 798 2779 906 2860; x_wconf 71' lang='grc' dir='ltr'><strong><em>ὕελον,</em></strong></span> <span class='ocrx_word' id='word_1_192' title='bbox 928 2776 966 2845; x_wconf 75' lang='grc' dir='ltr'><strong><em>οδ</em></strong></span> <span class='ocrx_word' id='word_1_193' title='bbox 983 2777 1035 2845; x_wconf 88' lang='grc' dir='ltr'>τδν</span> <span class='ocrx_word' id='word_1_194' title='bbox 1053 2780 1086 2845; x_wconf 78' lang='grc' dir='ltr'><strong><em>ἐν</em></strong></span> <span class='ocrx_word' id='word_1_195' title='bbox 1102 2774 1183 2887; x_wconf 62' lang='lat' dir='ltr'>crispi</span> <span class='ocrx_word' id='word_1_196' title='bbox 1199 2776 1319 2860; x_wconf 85' lang='grc' dir='ltr'><strong><em>χαλκόν,</em></strong></span> 
     </span>
    </p>

    <p class='ocr_par' dir='ltr' id='par_1_7' title="bbox 106 2854 1384 3971">
     <span class='ocr_line' id='line_1_31' title="bbox 106 2854 1320 2949; baseline 0.008 -32"><span class='ocrx_word' id='word_1_197' title='bbox 106 2859 129 2912; x_wconf 82' lang='grc' dir='ltr'><strong>Ρ</strong></span> <span class='ocrx_word' id='word_1_198' title='bbox 146 2857 199 2917; x_wconf 74' lang='lat' dir='ltr'>stt</span> <span class='ocrx_word' id='word_1_199' title='bbox 216 2854 255 2921; x_wconf 75' lang='lat' dir='ltr'>ori</span> <span class='ocrx_word' id='word_1_200' title='bbox 266 2856 320 2923; x_wconf 84' lang='grc' dir='ltr'>τόν</span> <span class='ocrx_word' id='word_1_201' title='bbox 331 2858 495 2944; x_wconf 83' lang='grc' dir='ltr'><strong><em>μόλιβδον,</em></strong></span> <span class='ocrx_word' id='word_1_202' title='bbox 519 2860 557 2929; x_wconf 85' lang='grc' dir='ltr'>ου’</span> <span class='ocrx_word' id='word_1_203' title='bbox 573 2864 623 2930; x_wconf 82' lang='grc' dir='ltr'>τόν</span> <span class='ocrx_word' id='word_1_204' title='bbox 638 2868 779 2948; x_wconf 77' lang='grc' dir='ltr'><strong><em>σίδηρον,</em></strong></span> <span class='ocrx_word' id='word_1_205' title='bbox 802 2860 841 2930; x_wconf 74' lang='grc' dir='ltr'>οὕ</span> <span class='ocrx_word' id='word_1_206' title='bbox 852 2864 911 2947; x_wconf 86' lang='grc' dir='ltr'>τήν</span> <span class='ocrx_word' id='word_1_207' title='bbox 923 2859 1111 2949; x_wconf 83' lang='grc' dir='ltr'><strong><em>σόττφειρου,</em></strong></span> <span class='ocrx_word' id='word_1_208' title='bbox 1135 2889 1172 2928; x_wconf 88' lang='grc' dir='ltr'>ου</span> <span class='ocrx_word' id='word_1_209' title='bbox 1183 2863 1234 2928; x_wconf 87' lang='grc' dir='ltr'>τδν</span> <span class='ocrx_word' id='word_1_210' title='bbox 1245 2889 1320 2946; x_wconf 88' lang='grc' dir='ltr'><strong><em>χρυ-</em></strong></span> 
     </span>
     <span class='ocr_line' id='line_1_32' title="bbox 215 2936 1320 3031; baseline 0.005 -25"><span class='ocrx_word' id='word_1_211' title='bbox 215 2936 288 3021; x_wconf 91' lang='grc' dir='ltr'><strong><em>σόν,</em></strong></span> <span class='ocrx_word' id='word_1_212' title='bbox 313 2941 351 3009; x_wconf 85' lang='grc' dir='ltr'><strong><em>ον’</em></strong></span> <span class='ocrx_word' id='word_1_213' title='bbox 370 2946 428 3027; x_wconf 85' lang='grc' dir='ltr'>τήν</span> <span class='ocrx_word' id='word_1_214' title='bbox 446 2944 538 3013; x_wconf 73' lang='grc' dir='ltr'><strong><em>ὕελον</em></strong></span> <span class='ocrx_word' id='word_1_215' title='bbox 561 2942 655 3024; x_wconf 75' lang='grc' dir='ltr'><strong><em>αὖθις</em></strong></span> <span class='ocrx_word' id='word_1_216' title='bbox 666 2948 724 3031; x_wconf 81' lang='grc' dir='ltr'>τήν</span> <span class='ocrx_word' id='word_1_217' title='bbox 738 2951 771 3014; x_wconf 72' lang='grc' dir='ltr'><strong><em>ἐν</em></strong></span> <span class='ocrx_word' id='word_1_218' title='bbox 785 2958 852 3026; x_wconf 84' lang='grc' dir='ltr'><strong><em>ταῖς</em></strong></span> <span class='ocrx_word' id='word_1_219' title='bbox 862 2958 1016 3031; x_wconf 80' lang='grc' dir='ltr'><strong><em>ψηφῖσιν,</em></strong></span> <span class='ocrx_word' id='word_1_220' title='bbox 1039 2945 1099 3015; x_wconf 69' lang='lat' dir='ltr'>oric</span> <span class='ocrx_word' id='word_1_221' title='bbox 1121 2947 1194 3014; x_wconf 83' lang='grc' dir='ltr'><strong><em>α’ῖλλο</em></strong></span> <span class='ocrx_word' id='word_1_222' title='bbox 1213 2949 1320 3014; x_wconf 82' lang='grc' dir='ltr'><strong><em>δτιοιῖν</em></strong></span> 
     </span>
     <span class='ocr_line' id='line_1_33' title="bbox 214 3026 1320 3116; baseline -0.01 -11"><span class='ocrx_word' id='word_1_223' title='bbox 214 3028 303 3111; x_wconf 57' lang='grc' dir='ltr'><strong><em>μέρος</em></strong></span> <span class='ocrx_word' id='word_1_224' title='bbox 317 3026 451 3114; x_wconf 74' lang='grc' dir='ltr'><strong><em>ἆκριβοῐς</em></strong></span> <span class='ocrx_word' id='word_1_225' title='bbox 466 3036 636 3116; x_wconf 74' lang='grc' dir='ltr'><strong><em>δυναίμεθα</em></strong></span> <span class='ocrx_word' id='word_1_226' title='bbox 650 3036 816 3111; x_wconf 71' lang='grc' dir='ltr'><strong><em>καταλέξαι.</em></strong></span> <span class='ocrx_word' id='word_1_227' title='bbox 858 3038 969 3097; x_wconf 76' lang='lat' dir='ltr'>musivi</span> <span class='ocrx_word' id='word_1_228' title='bbox 983 3040 1076 3096; x_wconf 88' lang='lat' dir='ltr'>etiam</span> <span class='ocrx_word' id='word_1_229' title='bbox 1087 3040 1246 3095; x_wconf 79' lang='lat' dir='ltr'>materiam</span> <span class='ocrx_word' id='word_1_230' title='bbox 1261 3056 1320 3095; x_wconf 86' lang='lat' dir='ltr'>ex-</span> 
     </span>
     <span class='ocr_line' id='line_1_34' title="bbox 212 3119 1319 3207; baseline 0.007 -35"><span class='ocrx_word' id='word_1_231' title='bbox 212 3119 321 3194; x_wconf 79' lang='lat' dir='ltr'>pressit</span> <span class='ocrx_word' id='word_1_232' title='bbox 333 3120 525 3199; x_wconf 77' lang='lat' dir='ltr'>Anonymus,</span> <span class='ocrx_word' id='word_1_233' title='bbox 547 3120 621 3207; x_wconf 74' lang='lat' dir='ltr'>dpm</span> <span class='ocrx_word' id='word_1_234' title='bbox 635 3125 677 3180; x_wconf 89' lang='lat' dir='ltr'>ait</span> <span class='ocrx_word' id='word_1_235' title='bbox 689 3124 889 3181; x_wconf 82' lang='lat' dir='ltr'>lastinianum</span> <span class='ocrx_word' id='word_1_236' title='bbox 898 3121 1066 3183; x_wconf 85' lang='lat' dir='ltr'>testudines</span> <span class='ocrx_word' id='word_1_237' title='bbox 1077 3134 1143 3181; x_wconf 90' lang='lat' dir='ltr'>tum</span> <span class='ocrx_word' id='word_1_238' title='bbox 1156 3120 1240 3181; x_wconf 86' lang='lat' dir='ltr'>aedis</span> <span class='ocrx_word' id='word_1_239' title='bbox 1251 3133 1319 3180; x_wconf 91' lang='lat' dir='ltr'>tum</span> 
     </span>
     <span class='ocr_line' id='line_1_35' title="bbox 212 3203 1320 3287; baseline 0.006 -29"><span class='ocrx_word' id='word_1_240' title='bbox 212 3203 382 3278; x_wconf 88' lang='lat' dir='ltr'>porticuum</span> <span class='ocrx_word' id='word_1_241' title='bbox 398 3204 428 3279; x_wconf 72' lang='grc' dir='ltr'>ἐξ</span> <span class='ocrx_word' id='word_1_242' title='bbox 444 3204 567 3270; x_wconf 80' lang='grc' dir='ltr'><strong><em>δελλνου</em></strong></span> <span class='ocrx_word' id='word_1_243' title='bbox 584 3212 699 3287; x_wconf 76' lang='grc' dir='ltr'><strong><em>χρυσοῦ</em></strong></span> <span class='ocrx_word' id='word_1_244' title='bbox 713 3207 890 3284; x_wconf 86' lang='lat' dir='ltr'>deaurasse,</span> <span class='ocrx_word' id='word_1_245' title='bbox 913 3207 1081 3269; x_wconf 87' lang='lat' dir='ltr'>cuiusmodi</span> <span class='ocrx_word' id='word_1_246' title='bbox 1097 3210 1250 3266; x_wconf 71' lang='lat' dir='ltr'>marisam</span> <span class='ocrx_word' id='word_1_247' title='bbox 1265 3207 1320 3265; x_wconf 81' lang='lat' dir='ltr'>dc-</span> 
     </span>
     <span class='ocr_line' id='line_1_36' title="bbox 212 3286 1384 3373; baseline 0.011 -31"><span class='ocrx_word' id='word_1_248' title='bbox 212 3297 356 3345; x_wconf 75' lang='lat' dir='ltr'>auratum</span> <span class='ocrx_word' id='word_1_249' title='bbox 376 3300 463 3349; x_wconf 80' lang='lat' dir='ltr'>vocat</span> <span class='ocrx_word' id='word_1_250' title='bbox 481 3294 657 3352; x_wconf 82' lang='lat' dir='ltr'>Anastasius</span> <span class='ocrx_word' id='word_1_251' title='bbox 670 3296 704 3352; x_wconf 90' lang='lat' dir='ltr'>in</span> <span class='ocrx_word' id='word_1_252' title='bbox 720 3294 864 3373; x_wconf 81' lang='lat' dir='ltr'>Gregorio</span> <span class='ocrx_word' id='word_1_253' title='bbox 880 3312 913 3352; x_wconf 81' lang='lat' dir='ltr'>tv</span> <span class='ocrx_word' id='word_1_254' title='bbox 926 3314 958 3373; x_wconf 82' lang='lat' dir='ltr'>p·</span> <span class='ocrx_word' id='word_1_255' title='bbox 973 3296 1053 3369; x_wconf 90' lang='grc'><strong><em>160,</em></strong></span> <span class='ocrx_word' id='word_1_256' title='bbox 1075 3295 1190 3373; x_wconf 84' lang='grc' dir='ltr'><strong><em>μυσλον</em></strong></span> <span class='ocrx_word' id='word_1_257' title='bbox 1208 3286 1319 3371; x_wconf 84' lang='grc' dir='ltr'><strong><em>χρυσόν</em></strong></span> <span class='ocrx_word' id='word_1_258' title='bbox 1382 3292 1384 3296; x_wconf 68' lang='grc'><strong>’</strong></span> 
     </span>
     <span class='ocr_line' id='line_1_37' title="bbox 213 3372 1383 3461; baseline 0.007 -32"><span class='ocrx_word' id='word_1_259' title='bbox 213 3372 391 3450; x_wconf 86' lang='lat' dir='ltr'>Anonymus</span> <span class='ocrx_word' id='word_1_260' title='bbox 408 3372 446 3433; x_wconf 86' lang='lat' dir='ltr'>de</span> <span class='ocrx_word' id='word_1_261' title='bbox 458 3376 532 3436; x_wconf 88' lang='lat' dir='ltr'>locis</span> <span class='ocrx_word' id='word_1_262' title='bbox 546 3378 601 3437; x_wconf 83' lang='lat' dir='ltr'>SS.</span> <span class='ocrx_word' id='word_1_263' title='bbox 616 3396 647 3455; x_wconf 84' lang='lat' dir='ltr'>p.</span> <span class='ocrx_word' id='word_1_264' title='bbox 663 3379 723 3453; x_wconf 90' lang='grc'>81,</span> <span class='ocrx_word' id='word_1_265' title='bbox 744 3375 916 3461; x_wconf 80' lang='grc' dir='ltr'><strong><em>χρυσουχαῖς</em></strong></span> <span class='ocrx_word' id='word_1_266' title='bbox 930 3379 1072 3459; x_wconf 78' lang='grc' dir='ltr'><strong><em>ψηφῖδας</em></strong></span> <span class='ocrx_word' id='word_1_267' title='bbox 1085 3374 1272 3457; x_wconf 81' lang='lat' dir='ltr'>Sophronias</span> <span class='ocrx_word' id='word_1_268' title='bbox 1286 3380 1319 3437; x_wconf 90' lang='lat' dir='ltr'>in</span> <span class='ocrx_word' id='word_1_269' title='bbox 1382 3399 1383 3404; x_wconf 50' lang='lat'>¹</span> 
     </span>
     <span class='ocr_line' id='line_1_38' title="bbox 215 3456 1319 3544; baseline 0.008 -31"><span class='ocrx_word' id='word_1_270' title='bbox 215 3456 359 3517; x_wconf 83' lang='lat' dir='ltr'>Eunomio</span> <span class='ocrx_word' id='word_1_271' title='bbox 377 3458 433 3519; x_wconf 86' lang='lat' dir='ltr'>SS.</span> <span class='ocrx_word' id='word_1_272' title='bbox 448 3461 520 3541; x_wconf 81' lang='lat' dir='ltr'>Cyri</span> <span class='ocrx_word' id='word_1_273' title='bbox 536 3472 565 3520; x_wconf 87' lang='lat' dir='ltr'>et</span> <span class='ocrx_word' id='word_1_274' title='bbox 580 3464 717 3538; x_wconf 83' lang='lat' dir='ltr'>Ioannis,</span> <span class='ocrx_word' id='word_1_275' title='bbox 739 3468 854 3544; x_wconf 79' lang='grc' dir='ltr'><strong><em>χρυσᾶς</em></strong></span> <span class='ocrx_word' id='word_1_276' title='bbox 873 3464 1015 3544; x_wconf 76' lang='grc' dir='ltr'><strong><em>ψηφῖδας</em></strong></span> <span class='ocrx_word' id='word_1_277' title='bbox 1033 3461 1238 3543; x_wconf 86' lang='lat' dir='ltr'>Theophanes</span> <span class='ocrx_word' id='word_1_278' title='bbox 1260 3465 1319 3522; x_wconf 75' lang='lat' dir='ltr'>(le-</span> 
     </span>
     <span class='ocr_line' id='line_1_39' title="bbox 216 3546 1320 3630; baseline 0.008 -32"><span class='ocrx_word' id='word_1_279' title='bbox 216 3560 335 3601; x_wconf 79' lang='lat' dir='ltr'>mmeus</span> <span class='ocrx_word' id='word_1_280' title='bbox 359 3546 448 3605; x_wconf 90' lang='lat' dir='ltr'>Hom.</span> <span class='ocrx_word' id='word_1_281' title='bbox 470 3546 528 3621; x_wconf 87' lang='lat'>55,</span> <span class='ocrx_word' id='word_1_282' title='bbox 556 3550 664 3607; x_wconf 71' lang='grc' dir='ltr'><strong><em>νὶλνεοα</em></strong></span> <span class='ocrx_word' id='word_1_283' title='bbox 688 3548 807 3626; x_wconf 65' lang='lat' dir='ltr'>laptiles</span> <span class='ocrx_word' id='word_1_284' title='bbox 826 3548 922 3630; x_wconf 71' lang='lat' dir='ltr'>sulco</span> <span class='ocrx_word' id='word_1_285' title='bbox 950 3570 1026 3607; x_wconf 81' lang='grc' dir='ltr'><strong><em>αυτο</em></strong></span> <span class='ocrx_word' id='word_1_286' title='bbox 1049 3559 1228 3627; x_wconf 75' lang='lat' dir='ltr'>supertectus</span> <span class='ocrx_word' id='word_1_287' title='bbox 1251 3551 1320 3609; x_wconf 81' lang='lat' dir='ltr'>Vita</span> 
     </span>
     <span class='ocr_line' id='line_1_40' title="bbox 216 3626 1319 3715; baseline 0.008 -32"><span class='ocrx_word' id='word_1_288' title='bbox 216 3626 251 3684; x_wconf 84' lang='lat' dir='ltr'>S.</span> <span class='ocrx_word' id='word_1_289' title='bbox 272 3628 427 3688; x_wconf 83' lang='lat' dir='ltr'>Laurentii</span> <span class='ocrx_word' id='word_1_290' title='bbox 446 3634 579 3713; x_wconf 83' lang='lat' dir='ltr'>episcopi</span> <span class='ocrx_word' id='word_1_291' title='bbox 600 3634 753 3713; x_wconf 87' lang='lat' dir='ltr'>Sipontini</span> <span class='ocrx_word' id='word_1_292' title='bbox 771 3654 803 3693; x_wconf 92' lang='lat' dir='ltr'>n.</span> <span class='ocrx_word' id='word_1_293' title='bbox 827 3639 878 3697; x_wconf 88' lang='lat'>11.</span> <span class='ocrx_word' id='word_1_294' title='bbox 921 3636 1010 3715; x_wconf 83' lang='lat' dir='ltr'>quale</span> <span class='ocrx_word' id='word_1_295' title='bbox 1023 3655 1095 3694; x_wconf 80' lang='lat' dir='ltr'>vem</span> <span class='ocrx_word' id='word_1_296' title='bbox 1108 3636 1167 3693; x_wconf 88' lang='lat' dir='ltr'>fuit</span> <span class='ocrx_word' id='word_1_297' title='bbox 1177 3653 1319 3693; x_wconf 84' lang='lat' dir='ltr'>caemen-</span> 
     </span>
     <span class='ocr_line' id='line_1_41' title="bbox 217 3716 1319 3801; baseline 0.008 -33"><span class='ocrx_word' id='word_1_298' title='bbox 217 3720 283 3768; x_wconf 84' lang='lat' dir='ltr'>tnm</span> <span class='ocrx_word' id='word_1_299' title='bbox 304 3731 363 3791; x_wconf 88' lang='lat' dir='ltr'>quo</span> <span class='ocrx_word' id='word_1_300' title='bbox 382 3724 444 3774; x_wconf 87' lang='lat' dir='ltr'>tota</span> <span class='ocrx_word' id='word_1_301' title='bbox 467 3716 549 3776; x_wconf 84' lang='lat' dir='ltr'>aedis</span> <span class='ocrx_word' id='word_1_302' title='bbox 564 3736 723 3798; x_wconf 76' lang='lat' dir='ltr'>compages</span> <span class='ocrx_word' id='word_1_303' title='bbox 738 3739 795 3779; x_wconf 87' lang='lat' dir='ltr'>ssu</span> <span class='ocrx_word' id='word_1_304' title='bbox 807 3722 908 3799; x_wconf 88' lang='lat' dir='ltr'>potins</span> <span class='ocrx_word' id='word_1_305' title='bbox 923 3718 1041 3801; x_wconf 88' lang='lat' dir='ltr'>lapides</span> <span class='ocrx_word' id='word_1_306' title='bbox 1056 3730 1109 3778; x_wconf 85' lang='lat' dir='ltr'>ant</span> <span class='ocrx_word' id='word_1_307' title='bbox 1123 3720 1233 3779; x_wconf 86' lang='lat' dir='ltr'>lateres</span> <span class='ocrx_word' id='word_1_308' title='bbox 1245 3740 1319 3778; x_wconf 89' lang='lat' dir='ltr'>cou-</span> 
     </span>
     <span class='ocr_line' id='line_1_42' title="bbox 217 3797 1383 3885; baseline 0.009 -32"><span class='ocrx_word' id='word_1_309' title='bbox 217 3797 366 3871; x_wconf 87' lang='lat' dir='ltr'>tinentur,</span> <span class='ocrx_word' id='word_1_310' title='bbox 389 3810 419 3857; x_wconf 88' lang='lat' dir='ltr'>et</span> <span class='ocrx_word' id='word_1_311' title='bbox 431 3820 471 3858; x_wconf 87' lang='lat' dir='ltr'>ex</span> <span class='ocrx_word' id='word_1_312' title='bbox 483 3802 592 3881; x_wconf 89' lang='lat' dir='ltr'>quibus</span> <span class='ocrx_word' id='word_1_313' title='bbox 607 3807 774 3865; x_wconf 88' lang='lat' dir='ltr'>constiterit</span> <span class='ocrx_word' id='word_1_314' title='bbox 788 3804 960 3885; x_wconf 80' lang='lat' dir='ltr'>speciebus,</span> <span class='ocrx_word' id='word_1_315' title='bbox 983 3803 1125 3865; x_wconf 78' lang='lat' dir='ltr'>describit</span> <span class='ocrx_word' id='word_1_316' title='bbox 1136 3802 1221 3863; x_wconf 89' lang='lat' dir='ltr'>idem</span> <span class='ocrx_word' id='word_1_317' title='bbox 1233 3806 1319 3864; x_wconf 80' lang='lat' dir='ltr'>Ano-</span> <span class='ocrx_word' id='word_1_318' title='bbox 1382 3849 1383 3854; x_wconf 18' lang='grc' dir='ltr'><strong><em>η</em></strong></span> 
     </span>
     <span class='ocr_line' id='line_1_43' title="bbox 216 3883 1319 3971; baseline 0.011 -32"><span class='ocrx_word' id='word_1_319' title='bbox 216 3900 327 3961; x_wconf 82' lang='lat' dir='ltr'>aymus</span> <span class='ocrx_word' id='word_1_320' title='bbox 345 3883 579 3948; x_wconf 80' lang='lat' dir='ltr'>Combehsiauus</span> <span class='ocrx_word' id='word_1_321' title='bbox 615 3888 712 3954; x_wconf 78' lang='lat'><strong>.249.</strong></span> <span class='ocrx_word' id='word_1_322' title='bbox 752 3893 874 3949; x_wconf 86' lang='lat' dir='ltr'>tametsi</span> <span class='ocrx_word' id='word_1_323' title='bbox 886 3883 1227 3971; x_wconf 83' lang='lat' dir='ltr'>plerisqneinlocisov’</span> <span class='ocrx_word' id='word_1_324' title='bbox 1238 3891 1319 3953; x_wconf 79' lang='grc' dir='ltr'><strong><em>τίτα-</em></strong></span> 
     </span>
    </p>
   </div>
   <div class='ocr_carea' id='block_1_3' title="bbox 216 3963 1384 4280">
    <p class='ocr_par' dir='ltr' id='par_1_8' title="bbox 216 3963 1384 4280">
     <span class='ocr_line' id='line_1_44' title="bbox 216 3963 1383 4056; baseline 0.019 -27"><span class='ocrx_word' id='word_1_325' title='bbox 216 3988 287 4043; x_wconf 89' lang='grc' dir='ltr'><strong><em>νας,</em></strong></span> <span class='ocrx_word' id='word_1_326' title='bbox 309 3963 403 4053; x_wconf 78' lang='grc' dir='ltr'><strong><em>ὅνπερ</em></strong></span> <span class='ocrx_word' id='word_1_327' title='bbox 419 3965 565 4051; x_wconf 74' lang='grc' dir='ltr'><strong><em>ἄσβεστον</em></strong></span> <span class='ocrx_word' id='word_1_328' title='bbox 582 3970 799 4054; x_wconf 77' lang='grc' dir='ltr'><strong><em>ουομόζουσιν,</em></strong></span> <span class='ocrx_word' id='word_1_329' title='bbox 821 3969 879 4039; x_wconf 69' lang='grc' dir='ltr'><strong><em>οὐκ</em></strong></span> <span class='ocrx_word' id='word_1_330' title='bbox 892 3972 1061 4054; x_wconf 71' lang='grc' dir='ltr'><strong><em>ἄσφαλτος,</em></strong></span> <span class='ocrx_word' id='word_1_331' title='bbox 1083 3968 1158 4037; x_wconf 71' lang='lat' dir='ltr'>itti</span> <span class='ocrx_word' id='word_1_332' title='bbox 1176 3969 1320 4056; x_wconf 64' lang='grc' dir='ltr'><strong><em>μόλιβδος</em></strong></span> <span class='ocrx_word' id='word_1_333' title='bbox 1382 4011 1383 4034; x_wconf 75' lang='lat'><em>³</em></span> 
     </span>
     <span class='ocr_line' id='line_1_45' title="bbox 217 4050 1383 4141; baseline 0.007 -28"><span class='ocrx_word' id='word_1_334' title='bbox 217 4050 250 4125; x_wconf 79' lang='grc' dir='ltr'><strong><em>ῖς</em></strong></span> <span class='ocrx_word' id='word_1_335' title='bbox 270 4050 363 4133; x_wconf 77' lang='grc' dir='ltr'><strong><em>τόλμα</em></strong></span> <span class='ocrx_word' id='word_1_336' title='bbox 384 4054 490 4137; x_wconf 73' lang='grc' dir='ltr'><strong><em>χυθεὶς</em></strong></span> <span class='ocrx_word' id='word_1_337' title='bbox 502 4056 555 4119; x_wconf 86' lang='grc' dir='ltr'>καλ</span> <span class='ocrx_word' id='word_1_338' title='bbox 569 4054 679 4138; x_wconf 77' lang='grc' dir='ltr'><strong><em>μεταξδ</em></strong></span> <span class='ocrx_word' id='word_1_339' title='bbox 697 4054 867 4141; x_wconf 77' lang='grc' dir='ltr'><strong><em>πανταχόσε</em></strong></span> <span class='ocrx_word' id='word_1_340' title='bbox 881 4054 1036 4141; x_wconf 85' lang='grc' dir='ltr'><strong><em>χωρήσας,</em></strong></span> <span class='ocrx_word' id='word_1_341' title='bbox 1057 4058 1175 4140; x_wconf 86' lang='lat' dir='ltr'>lapides</span> <span class='ocrx_word' id='word_1_342' title='bbox 1189 4063 1320 4121; x_wconf 78' lang='lat' dir='ltr'>invicem</span> <span class='ocrx_word' id='word_1_343' title='bbox 1382 4053 1383 4138; x_wconf 61' lang='grc' dir='ltr'><strong><em>λ</em></strong></span> 
     </span>
     <span class='ocr_line' id='line_1_46' title="bbox 220 4143 1384 4230; baseline 0.011 -34"><span class='ocrx_word' id='word_1_344' title='bbox 220 4150 376 4201; x_wconf 85' lang='lat' dir='ltr'>connectat</span> <span class='ocrx_word' id='word_1_345' title='bbox 401 4160 437 4203; x_wconf 88' lang='lat' dir='ltr'>au</span> <span class='ocrx_word' id='word_1_346' title='bbox 458 4145 651 4225; x_wconf 71' lang='lat' dir='ltr'>couthmgat.</span> <span class='ocrx_word' id='word_1_347' title='bbox 694 4143 778 4227; x_wconf 83' lang='lat' dir='ltr'>qnod</span> <span class='ocrx_word' id='word_1_348' title='bbox 802 4147 894 4207; x_wconf 87' lang='lat' dir='ltr'>etiam</span> <span class='ocrx_word' id='word_1_349' title='bbox 916 4148 1015 4227; x_wconf 82' lang='lat' dir='ltr'>attigit</span> <span class='ocrx_word' id='word_1_350' title='bbox 1036 4147 1247 4225; x_wconf 56' lang='lat' dir='ltr'>silentiarium</span> <span class='ocrx_word' id='word_1_351' title='bbox 1269 4151 1319 4229; x_wconf 90' lang='lat' dir='ltr'>qui</span> <span class='ocrx_word' id='word_1_352' title='bbox 1382 4153 1384 4230; x_wconf 56' lang='lat' dir='ltr'>j</span> 
     </span>
     <span class='ocr_line' id='line_1_47' title="bbox 1382 4240 1384 4280; baseline 0 0"><span class='ocrx_word' id='word_1_353' title='bbox 1382 4240 1384 4280; x_wconf 76' lang='grc'><strong>1</strong></span> 
     </span>
    </p>
   </div>
   <div class='ocr_carea' id='block_1_4' title="bbox 0 0 1408 4709">
    <p class='ocr_par' dir='ltr' id='par_1_9' title="bbox 0 0 1408 4709">
     <span class='ocr_line' id='line_1_48' title="bbox 0 0 1408 4709; baseline 0 0"><span class='ocrx_word' id='word_1_354' title='bbox 0 0 1408 4709; x_wconf 95' lang='lat' dir='ltr'> </span> 
     </span>
    </p>
   </div>
  </div>
 </body>
</html>
