2792 4709
205 166 281 239 120
668 151 841 233 ruram

206 334 344 413 gelarent
358 326 441 391 huno
452 338 602 391 auctorem
617 324 721 388 habet.
762 324 844 409 apud
855 322 1078 407 Theophanem
1088 334 1123 384 et
1135 322 1307 385 cedrenu-

206 420 379 478 nomiuatus
394 418 540 497 reperitur
550 416 736 488 Valentinus,
757 433 828 473 oum
841 416 885 471 ita
897 421 1029 487 narrant,
1047 409 1119 471 tud.
1133 413 1156 475 1
1169 422 1309 471 sumtu·

204 504 378 563 Heraclium
393 521 429 560 ao
439 502 600 561 Martinam
611 518 680 559 oum
690 499 849 559 Valentino
863 496 1047 577 repudiasse.

290 608 322 669 p·
337 586 378 653 55
394 606 424 646 v.
441 592 473 651 2.
516 578 580 650 ddi
591 578 824 666 συλλαβόμενος]
837 580 965 643 disoedit
975 581 1027 641 hio
1039 600 1057 642 a
1070 581 1184 640 ueteris
1198 591 1308 655 noste,
1372 638 1374 654 ,

205 675 260 755 qui
274 674 311 731 ab
325 672 510 731 Heracleonn
525 682 555 729 et
566 672 695 729 Martius
710 669 893 743 Heraclium,
908 672 962 750 qui
974 670 1123 728 Constans
1141 664 1309 739 diotsrsest,
1372 694 1374 700 ’

206 760 313 817 asserit
324 760 537 836 imperatorum
551 775 616 815 esse
628 754 753 814 fautum.
795 763 913 813 oonstat
927 755 1010 812 enirn
1023 773 1041 812 a
1054 762 1168 813 senatu
1181 752 1310 830 abroga-

205 852 272 901 tum
286 844 489 901 Heracleonae
502 842 679 921 imperium,
710 836 902 920 eundemque
922 840 1084 919 amputatis
1097 838 1232 897 naribus
1247 858 1310 896 eun

205 937 312 1003 matre,
334 928 383 985 oui
394 928 500 1006 lingua
513 928 646 1005 praeoisa
661 935 735 1000 erat,
749 926 927 1003 relegatum.
967 926 1128 1003 inpertivit
1143 924 1311 981 flandae-

205 1030 261 1070 nus
277 1032 396 1071 menses
410 1015 441 1087 6,
462 1014 515 1092 qui
526 1014 559 1069 in
571 1010 769 1070 Deoembrern
781 1008 873 1069 huius
883 1029 913 1068 a.
924 1007 1003 1084 641,
1016 1006 1084 1067 lud.
1098 1006 1158 1082 15,
1174 1005 1310 1066 desineoe

206 1094 358 1156 ridentur.
400 1115 582 1178 magnopere
596 1116 667 1156 vero
687 1098 721 1154 iu
738 1093 797 1153 huo
815 1090 942 1155 historia
957 1090 1167 1172 Theophanes
1180 1090 1313 1150 halluci-

204 1193 312 1261 natur,
342 1186 377 1241 in
397 1181 464 1242 cod.
483 1184 593 1242 loieus.
635 1182 688 1264 qui
703 1182 858 1241 Constant.
881 1178 1012 1239 eundern
1032 1196 1102 1237 oum
1120 1178 1313 1237 Heraeieoua

206 1267 298 1327 facit:
321 1262 394 1348 perri
419 1264 453 1331 di
470 1262 660 1347 Ἡράκλειον,
687 1267 746 1343 ait,
774 1265 947 1349 λβασλλωσε
963 1268 1201 1337 deraemistae
1216 1260 1315 1336 iside

207 1348 305 1416 odiosi
318 1352 337 1415 ὁ
352 1350 512 1435 λεγόμενος
523 1350 740 1434 monstruosis,
762 1346 973 1432 μονοθελητῆς
986 1348 1039 1413 καλ
1053 1341 1166 1423 crissie,
1191 1347 1261 1423 ἔτος
1274 1348 1314 1410 iv.

206 1437 260 1500 καλ
277 1436 429 1520 φαρμάκῳ
443 1434 506 1501 siud
520 1442 580 1501 sois
596 1438 717 1502 οἰκείων
729 1430 881 1522 devotos.

209 1526 491 1665 ...iiiiii
501 1518 879 1687 tttdii‘dtttd
892 1514 1316 1664 {timim

208 1692 274 1751 lum
287 1694 352 1750 eius
365 1692 431 1750 looo
443 1690 604 1752 suffectum
619 1703 773 1767 astruunt,
794 1690 915 1752 Octobri
927 1709 1040 1762 mense,
1061 1686 1131 1747 Iud.
1147 1691 1213 1763 153
1246 1692 1317 1771 qui·

207 1776 266 1835 bus
288 1787 319 1835 et
337 1774 447 1836 diserte
472 1788 574 1836 noster
593 1780 763 1838 assentitur.
807 1796 900 1857 quare
921 1795 951 1835 a.
966 1776 1000 1834 (λ.
1013 1771 1093 1848 641,
1122 1772 1241 1833 eodem
1258 1795 1317 1855 quo

207 1864 365 1920 Heraclius
380 1862 469 1938 obiit,
493 1865 604 1922 eiectus
618 1873 664 1921 eat
676 1859 829 1941 Pyrrhus,
857 1880 919 1921 nou
936 1859 1015 1933 642,
1037 1868 1072 1916 ut
1088 1870 1137 1918 est
1150 1862 1186 1917 iu
1204 1864 1317 1919 Annal-

207 1966 319 2026 nempe
332 1945 399 2006 Ind.
417 1948 457 2013 15
470 1950 538 2007 iniit
551 1968 579 2007 u.
593 1948 655 2013 641
674 1948 855 2027 Septembri.
898 1965 986 2025 porro
1004 1963 1074 2002 oum
1089 1964 1155 2004 nou
1170 1956 1248 2005 ante
1265 1948 1317 2003 ab·

209 2044 349 2110 rogatum
364 2034 565 2092 Heraoleonee
579 2034 743 2111 imperium
756 2029 814 2091 hoo
829 2028 987 2107 aooiderit,
1016 2030 1219 2110 quiquidem
1230 2052 1317 2090 urea-

210 2118 294 2174 aibus
308 2119 388 2175 senis
401 2118 577 2195 imperavit,
606 2117 695 2175 facile
712 2114 790 2176 mihi
808 2114 976 2197 persuadeo
995 2118 1016 2180 6
1030 2116 1101 2175 illos
1112 2135 1246 2175 meuses
1257 2138 1319 2177 nou

209 2220 276 2259 esse
290 2220 309 2259 a
322 2202 512 2261 Constantini
528 2204 659 2261 Heraclii
674 2205 709 2261 F.
726 2200 782 2262 sed
796 2204 834 2261 ab
848 2202 980 2261 Heraclii
993 2202 1088 2281 ipsius
1103 2202 1194 2259 obitu
1208 2223 1319 2261 uume-

209 2285 330 2363 randos,
351 2288 393 2346 ita
407 2297 441 2345 ut
457 2307 527 2346 oum
540 2290 735 2349 Constantino
747 2287 842 2348 tribus
856 2287 1012 2346 mensibus
1026 2296 1057 2343 et
1072 2284 1184 2344 diebus
1202 2292 1246 2351 13
1263 2292 1320 2347 im·

207 2375 337 2453 pererit,
360 2392 401 2432 ex
417 2374 549 2432 Heraclii
562 2383 751 2436 testamento.
794 2376 896 2453 itaque
908 2370 968 2430 hoo
981 2374 1048 2450 ipso
1063 2390 1091 2429 a.
1107 2374 1191 2429 ciros
1207 2375 1321 2433 lutiam

208 2477 363 2534 mensem,
391 2460 576 2518 Heraoleons
593 2462 698 2539 pulso,
728 2458 876 2532 constans
891 2460 1054 2536 imperium
1068 2458 1250 2535 auspicatus
1268 2471 1321 2518 est.

209 2540 446 2621 expendendum
465 2563 536 2603 vero
555 2544 634 2603 illud
657 2546 800 2605 attentius
815 2540 898 2626 quod
919 2544 1022 2602 scribit
1034 2544 1190 2617 Zonaras,
1222 2547 1322 2603 Hers-

210 2628 350 2687 oleonam
363 2626 423 2689 hoo
434 2648 514 2688 anno
527 2626 693 2689 decennem
707 2630 810 2688 fuisse.
853 2627 912 2688 hoo
926 2630 953 2687 si
963 2646 1070 2687 renim
1083 2636 1139 2699 est,
1163 2638 1261 2689 natus
1279 2640 1322 2689 est

211 2716 290 2771 oiroa
305 2734 334 2773 a.
349 2714 383 2773 0.
399 2716 480 2791 682,
501 2716 633 2774 Heraclii
645 2718 699 2779 22.
744 2723 776 2773 at
793 2716 880 2774 nulla
900 2711 992 2773 huius
1005 2715 1049 2771 rei
1063 2710 1146 2791 apud
1158 2709 1322 2775 historioos

210 2801 338 2858 mentio.
382 2818 460 2858 anno
475 2798 600 2881 quidem
612 2804 685 2875 630,
706 2798 775 2859 lnd.
791 2799 821 2877 4,
841 2802 920 2861 Nor.
937 2805 969 2875 7,
990 2809 1080 2857 natus
1092 2800 1125 2855 in
1141 2800 1272 2860 (triente
1283 2820 1323 2860 ex

210 2884 340 2943 Martina
354 2884 480 2963 coniuge
494 2882 608 2960 David,
632 2884 799 2968 eademque
816 2883 865 2944 die
877 2886 1033 2943 Heraclius
1045 2883 1182 2943 Heraclii
1193 2888 1322 2945 iunioris

211 2971 276 3029 sive
289 2971 477 3029 Constantini
491 2972 537 3047 lt,
560 2973 613 3053 qui
629 2983 733 3051 postea
746 2972 892 3031 constans
905 2980 950 3030 est
963 2968 1070 3029 dietus.
1114 2972 1217 3049 potuit
1229 2974 1323 3051 igitur

211 3051 272 3113 heo
296 3058 455 3115 nominum
476 3055 674 3116 similitudIno
701 3055 844 3137 deeeptus
865 3058 998 3116 Zonaras
1023 3056 1202 3114 Heraolium
1229 3060 1323 3117 istum

212 3141 345 3198 Heraclii
366 3142 492 3200 senioris
512 3151 543 3201 st
560 3143 707 3201 Martinus
718 3143 754 3201 F.
774 3152 891 3220 putare.
932 3140 1010 3199 mihi
1022 3160 1093 3199 vero
1109 3138 1246 3200 dubim
1260 3162 1322 3202 nou

213 3232 259 3281 est
274 3228 347 3303 quin
364 3228 565 3289 Heracleonas
575 3229 732 3286 Heraclius
745 3228 799 3285 ille
811 3230 869 3301 sit,
897 3244 989 3307 quern
1010 3235 1113 3285 noster
1125 3245 1157 3304 p.
1176 3231 1218 3290 17
1231 3230 1280 3292 20
1291 3232 1321 3287 in

213 3308 323 3365 Lazica
332 3320 437 3369 natum
445 3312 544 3387 refert,
552 3314 701 3371 a.soilioet
709 3313 839 3371 Heraclii
854 3316 894 3377 12
905 3313 956 3369 vel
971 3314 1020 3387 16,
1038 3313 1091 3391 qui
1101 3320 1181 3386 tum,
1204 3332 1277 3372 oum
1290 3317 1321 3371 in

214 3390 352 3451 ordinem
366 3392 504 3456 reduetus
521 3408 583 3469 est,
614 3396 1126 3460 annoshabuitferme16ve120.
1168 3407 1225 3456 aut
1241 3412 1321 3457 ωηο

215 3479 428 3538 Constantinus
453 3482 673 3541 alter-Heraclii
696 3483 777 3541 filius
798 3502 840 3541 ax
852 3483 996 3557 Martius,
1031 3500 1125 3562 quern
1145 3500 1174 3540 a.
1188 3484 1321 3542 Heraclii

216 3566 322 3644 quinto
336 3574 442 3623 netum
455 3586 520 3626 esse
531 3566 685 3627 cedrenus
700 3587 736 3626 ao
746 3564 951 3648 Theophanes
962 3568 1107 3626 scribunt.
1125 3573 1323 3649 nequeenim

216 3650 243 3709 is
259 3669 329 3708 oum
340 3652 477 3711 Heraclio
500 3652 644 3713 ooufundi
658 3664 773 3735 potest,
803 3654 909 3735 quiin
927 3656 995 3732 ipsa
1014 3649 1212 3732 expeditione
1232 3666 1323 3712 uatus

217 3744 265 3793 est
281 3736 314 3792 in
326 3738 443 3814 Lazioa,
463 3739 579 3821 aliquot
591 3742 678 3799 annis
691 3750 761 3821 post
776 3740 1004 3800 Constantinum
1018 3740 1166 3796 Martinus
1178 3741 1217 3797 F.
1239 3736 1323 3820 quod

216 3820 343 3879 fortasse
354 3826 453 3883 verius
467 3836 528 3885 est:
550 3828 593 3885 ita
606 3828 689 3885 enim
701 3830 850 3905 imperare
862 3826 995 3904 eoeperit
1011 3842 1041 3881 a.
1056 3826 1164 3883 astutis
1175 3825 1232 3888 26.
1276 3835 1323 3883 at·

217 3906 273 3987 qui
287 3907 417 3985 plurima
429 3906 480 3969 hio
493 3910 531 3970 ab
546 3912 734 3971 Heracleona
748 3909 828 3970 diota
838 3910 956 3969 fastuve
970 3919 1147 3984 narrantur,
1174 3928 1257 3989 quse
1270 3928 1322 3969 ae·

218 4008 272 4069 gre
299 3992 386 4052 alteri
412 4012 506 4075 quam
526 3997 555 4057 ei
576 3997 631 4082 qui
651 3997 772 4058 riu'lem
795 4005 927 4055 atatem
947 3996 1081 4073 attigerit
1099 3992 1324 4057 aooourmdari

218 4076 345 4153 possint.
879 4107 883 4128 1

304 4158 346 4219 ib·
372 4178 402 4220 v·
424 4164 475 4227 13.
519 4166 750 4242 Kovosuuss'vor
762 4156 821 4230 ode
832 4162 867 4232 ts
878 4163 1022 4250 Σικελλφ]
1042 4166 1151 4245 ingens
1162 4161 1216 4224 hio
1227 4184 1324 4226 suno-
