2792 4709
350 230 605 299 DESCRIPTIO
630 230 664 299 S.
689 230 883 302 SOPHIAE.
1116 234 1166 305 63

64 408 159 457 crates
175 400 196 461 2
220 399 282 461 to>
299 420 375 459 κατα
365 391 472 459 ''dl
441 418 492 459 τον
505 394 613 479 καιρέν
625 402 736 462 τοῦτον
747 396 833 461 sol
813 422 830 463 o
846 392 1039 479 βασιέεές
1000 421 1059 478 την
1071 394 1167 480 ptysi·

58 490 117 561 lov
131 483 294 561 ἐκκλησίαν
307 478 484 557 ἐκτισεν,”
460 506 528 563 ητις
540 482 691 563 Σοφία
658 508 714 564 μεν
726 480 993 565 προσαγορεύεται,
1014 488 1168 591 συνῆπται

62 566 94 631 δὲ
87 572 153 675 τῇ
162 565 326 668 ἐπωνύμῳ
344 560 521 669 Εέρήνη,
506 591 548 647 ην
565 566 585 631 d
602 565 702 648 πατὴρ
717 592 772 633 τον
760 569 934 649 decoctius
944 565 1056 649 μικρέν
1069 562 1168 633 οὖσαν

61 650 94 716 sd
107 648 257 733 πρότερον
272 652 315 725 εἰς
328 648 437 727 κᾶλλος
449 651 501 714 καὶ
515 651 643 735 μέγεθος
657 652 788 757 ηὔξησε,
813 654 865 717 sol
884 658 943 718 νῦν
962 654 1040 718 εἰσὶν
1055 656 1099 727 sic
1113 654 1169 719 tva

60 734 268 817 περίβολον”
237 760 338 845 αμφιτ
351 733 519 818 ὁρώμεναι,
541 742 613 817 μιᾶς
626 735 682 819 τήν
697 740 873 821 ἐπωνυμίαν
888 740 1019 843 ἐχονσαι.
1059 738 1168 799 Theo-

60 822 196 903 phanes:
227 814 269 903 ἦν
290 818 369 884 di
345 846 366 902 η
387 822 614 905 ἐγκαινισθεῖσα
636 824 778 905 ἐκκλησέα
795 819 1007 926 σφαιροειδής,
1034 825 1068 900 ἐξ
1090 825 1168 889 ἐτεσι

60 914 237 1016 ττιρθεῖσα,
269 903 332 970 ini
360 904 417 987 μέν
444 910 677 972 Κανστανιένον
703 914 761 972 rosi
783 906 914 991 μεγοὶἐον
934 914 1166 991 θεμελιαθεῖσα,

60 993 121 1057 sino
114 989 179 1055 δέ
202 994 416 1055 Κοινσταντέον
436 998 630 1069 πληρωθεῖσα
650 994 703 1057 stol
723 995 956 1077 ἐγκαινισθεῑσα.
998 996 1114 1055 Socrati
1136 1006 1167 1055 et

59 1076 244 1159 Theophani
268 1080 459 1136 consentiunt
476 1076 693 1159 philostorgius
713 1084 733 1144 8
756 1084 791 1155 8,
814 1091 917 1140 auctor
931 1082 1063 1140 ritaeS.
1078 1083 1166 1141 Pauli

60 1175 136 1244 patr.
161 1164 247 1243 cpol.
274 1162 355 1242 apud
376 1161 533 1241 Photinus,
562 1166 725 1225 Zonarss'
715 1186 748 1223 ιιι
767 1168 948 1240 lastiniam,
977 1164 1165 1245 Nicephorus

60 1251 136 1309 Call.
160 1250 181 1311 9
203 1250 242 1324 9,
272 1259 302 1306 et
328 1250 444 1328 aliquot
468 1252 537 1325 alii,
572 1252 623 1331 qui
645 1270 789 1328 magnam
810 1210 968 1311 ecclesisin
989 1253 1164 1311 Constantio

61 1334 244 1393 adscribunt.
294 1334 428 1393 conlecta
456 1334 530 1393 aede
554 1336 747 1395 Constantius
773 1356 884 1417 magno
912 1346 1057 1416 apparatu
1079 1338 1164 1397 illius

61 1422 205 1479 encaenia
226 1420 404 1493 celebrarit,
431 1418 571 1480 Eudoxio
592 1440 691 1480 sacras
711 1441 815 1500 preces
837 1424 979 1496 iaciente,
1008 1424 1163 1499 trigesimo

61 1516 166 1587 quarto
185 1515 255 1583 post
275 1524 354 1563 anuo
376 1524 467 1584 quam
482 1504 678 1565 fundamenta
691 1508 827 1581 iecisset,
851 1509 890 1572 15
905 1508 994 1567 Febr.
1008 1510 1079 1565 anni
1091 1506 1163 1566 chr.

61 1594 136 1665 360,
160 1590 356 1649 Constantio
348 1610 413 1668 ipso
429 1610 453 1648 x
469 1602 498 1649 et
513 1592 629 1651 Iuliano
644 1593 771 1651 Caesare
785 1612 824 1651 ιιι
840 1612 916 1653 coss.
931 1591 1067 1651 idatius
1057 1614 1089 1651 ιιι
1103 1594 1162 1650 Fa-

60 1680 127 1736 stis:
150 1675 200 1733 his
224 1696 297 1733 eoas.
320 1676 491 1733 dedicassem
505 1687 548 1734 est
566 1676 654 1755 epoti
666 1678 912 1737 (ἐσπιὶηίοιιπιιέιο
930 1679 967 1743 16
980 1678 1044 1735 tal
1062 1680 1162 1735 Ματι.

60 1760 214 1819 (ledi-enus
236 1780 314 1819 anno
334 1763 376 1823 22
396 1762 582 1819 Constantii:
615 1754 748 1836 οὗτος*
728 1786 745 1827 ο
767 1758 920 1870 Ειέδρξιος
941 1760 1164 1827 ἐνεκαίνισε
1129 1788 1164 1827 το

61 1842 204 1927 δεύτερον
225 1844 276 1908 τὸν
296 1841 375 1907 ναέν
395 1850 448 1924 τῆς
466 1844 564 1920 Ἀγίας
582 1850 718 1925 Σοφέας,
741 1844 851 1911 tsi
815 1872 849 1910 το
863 1873 945 1954 μετα
964 1844 1018 1909 το“ν
1042 1853 1163 1947 πρῶτον

61 1926 252 2011 ἀπαρτισμὸν
277 1921 374 1993 αντοῦ
400 1928 506 1993 καέ
475 1954 526 1994 τον
545 1928 789 2013 ἐγκαινισμόν
753 1956 810 1995 τον
828 1926 873 1995 δι’
894 1926 1049 2011 Εεῖσεβέον
1070 1928 1163 1995 τιαέιν

60 2024 164 2079 πεσεῖν
190 2014 243 2078 καὶ
273 2008 368 2087 αὖθις
395 2016 638 2119 οἰκοδομηθῆναι
663 2014 715 2079 dccl
737 2020 794 2081 soti
816 2010 914 2079 αιέτον
937 2020 1162 2081 Κωνσεαντέου.

60 2106 186 2161 istorum
207 2104 417 2160 encaeniorum
437 2104 601 2162 meminere
624 2113 778 2182 praeterea
803 2112 907 2161 auctor
921 2104 1049 2163 ritaeS.
1063 2102 1164 2161 Atha-

59 2193 135 2246 nasii
124 2186 232 2267 apud
246 2184 404 2261 Photium,
427 2187 599 2252 Socraten
620 2190 678 2262 42,
701 2186 920 2251 Sozomenust
940 2190 999 2261 25,
1021 2198 1052 2247 et
1065 2187 1163 2249 Claro·

60 2277 148 2333 nicon
169 2270 411 2331 Alexandrinum
432 2270 490 2332 hoc
511 2289 608 2332 anno:
631 2294 671 2333 ax
686 2274 796 2355 quibus
812 2274 963 2352 colligitur
977 2276 1055 2332 iacta
1071 2276 1164 2333 fuisse

59 2363 155 2438 prime
171 2377 299 2436 magnae
315 2359 457 2417 eoolesiae
473 2358 670 2419 fundamenta
684 2378 764 2419 anno
781 2356 894 2419 Christi
907 2362 985 2434 326,
1007 2378 1068 2439 quo
1083 2362 1164 2418 Con-

59 2447 187 2502 stantius
203 2446 285 2502 solus
301 2447 448 2523 imperare
466 2448 573 2524 ooepit.

142 2532 175 2592 8·
218 2526 348 2587 Arcadio
362 2539 463 2587 autem
475 2526 668 2608 postmodum
680 2530 859 2607 imperante,
881 2546 950 2586 cum
964 2536 1070 2585 exorta
1084 2538 1163 2587 esset

58 2613 167 2673 seditio
190 2617 222 2672 in
248 2617 360 2672 maiore
383 2616 508 2673 ecclesia
540 2614 577 2673 de
606 2613 788 2693 expellendo
809 2616 920 2671 loanne
938 2611 1162 2691 chrysostomo,

59 2704 168 2759 iniecto
193 2700 231 2758 ab
254 2702 291 2758 iis
314 2702 367 2778 qui
386 2712 486 2780 partes
508 2700 591 2759 illius
620 2700 873 2779 amplexabantur
892 2700 963 2776 igne
984 2701 1086 2757 statim
1109 2700 1164 2757 illa

59 2786 252 2864 conflagravit
273 2803 300 2843 a.
321 2783 391 2843 ehr.
411 2784 485 2849 404.
527 2786 720 2845 Marcellinus
737 2786 861 2844 Comes:
883 2783 1039 2841 εοοέετιὶινι
1060 2784 1163 2862 cpoli-

58 2882 165 2929 temom
173 2871 308 2948 flamma
322 2872 417 2949 ι’,ρ-πιο,
438 2888 517 2950 quus
538 2872 576 2929 de
596 2871 639 2929 B.
659 2871 785 2929 laamas
804 2870 909 2927 tlrrono
925 2869 1078 2947 quondam
1097 2872 1163 2946 epi-

58 2959 142 3035 scopi
163 2967 237 3013 nuta
249 2956 332 3035 siat,
353 2954 451 3013 subito
470 2957 686 3034 confhrgravs't,
709 2956 899 3033 cremarique
919 2954 1059 3013 eceterae
1079 2954 1163 3013 urbis

50 3042 171 3119 sacrem
182 3062 315 3144 serpens
314 3040 511 3105 nrhdommus
522 3043 641 3099 επιιοειι
686 3040 861 3103 8οοτιῐοε6
883 3041 941 3103 16·
962 3036 1042 3112 τινὲς
1055 3037 1088 3101 δέ
1099 3062 1163 3101 των

56 3124 233 3189 luovvsrsiv
248 3116 315 3187 κατ’
331 3121 429 3203 αὐτην
443 3150 499 3206 την
519 3124 635 3207 ημέραν
651 3120 708 3201 την
726 3126 887 3201 ἐκκλησίαν
904 3121 1088 3203 ἐνέπρησαν,
1109 3125 1163 3183 ubi

58 3211 143 3272 addit
157 3210 332 3271 incendium
349 3209 430 3270 istud
445 3209 588 3270 accidisse
604 3214 645 3275 20
661 3212 758 3284 lunii,
780 3210 913 3268 Honorio
926 3228 959 3267 rs
978 3219 1008 3267 et
1027 3212 1164 3267 Aristae-

56 3311 126 3357 neto
150 3316 226 3356 coss.
246 3294 452 3376 Theophanes
473 3317 544 3356 vero
559 3314 717 3376 perperam
732 3294 906 3354 incendium
921 3313 1050 3373 magnae
1065 3296 1164 3353 eccle-

57 3386 118 3443 siae
131 3385 165 3441 in
181 3402 294 3440 annum
306 3381 520 3441 duodecimum
532 3380 653 3440 Arcadii
667 3384 804 3455 coniicit,
827 3400 896 3439 cum
909 3380 1001 3439 fuerit
1017 3379 1163 3440 decimus.

58 3480 87 3526 at
118 3488 198 3549 quos
225 3470 376 3527 loannitas
396 3477 504 3526 vocant
525 3468 661 3527 Socrates
681 3477 711 3525 et
733 3465 816 3525 idern
839 3463 1046 3545 Theophanes
1069 3485 1097 3523 a.
1122 3468 1165 3529 12

58 3552 227 3613 Theodosii
240 3556 385 3627 laniaris,
408 3555 460 3632 qni
473 3556 575 3631 ignem
589 3556 621 3611 in
638 3550 770 3609 aedem
760 3554 930 3624 immisere,
954 3550 1167 3629 Xylocercetos

59 3640 192 3720 appellat
207 3636 376 3697 chronicon
391 3636 649 3710 Alexandrinum,
671 3634 862 3717 horamque
852 3638 940 3695 istius
956 3634 1051 3695 cladis
1068 3655 1166 3694 anno·

58 3734 118 3783 tat:
149 3723 201 3788 ἐπὶ
218 3718 333 3785 τούτων
353 3728 416 3785 τῶν
438 3716 565 3786 ὕπατον
588 3682 725 3801 ἐξεέἐσθη
744 3715 889 3829 ’ἐροαννης
907 3722 1072 3795 ἐπίσκοπος
1093 3724 1165 3798 ΚΠ,

57 3808 108 3871 καὶ
129 3810 280 3916 αἰφνιδέητ
288 3802 417 3913 ⁸‘troisi‘
396 3834 417 3889 η
440 3804 553 3891 μεγάλη
575 3806 717 3886 ἐκκλησία
739 3802 797 3869 σνν
817 3812 861 3869 rai
880 3826 995 3891 σενατρο
1015 3800 1075 3871 dod
1095 3828 1166 3883 soc·

56 3886 194 3997 rodarum
222 3872 317 3973 αντῆς
341 3898 403 3956 τοῖν
429 3892 598 3975 λεγομένοιν
626 3896 875 3971 antecessores,
912 3870 1011 3976 ημέρα
1041 3890 1165 3973 dectior:

58 3974 174 4065 ὥρας’.
218 3990 303 4038 erant
321 3991 423 4037 autem
439 3982 672 4059 Xylooeroetae‚
695 3987 729 4036 ut
747 3976 804 4037 hoo
819 3979 916 4037 obiter
929 3996 1086 4048 moneam,
1111 3976 1165 4031 lo-

57 4069 142 4125 annis
169 4075 345 4140 sectatores,
369 4066 480 4147 quique
496 4065 630 4144 partibus
649 4064 731 4123 illius
749 4064 915 4123 larebsnt'
906 4062 1072 4142 impensius
1087 4078 1163 4117 con-

56 4160 99 4209 tra
113 4148 266 4254 quosdam
280 4152 452 4229 episcopos,
475 4154 527 4232 qui
548 4160 649 4209 coacta
667 4148 784 4229 synodo
803 4152 1008 4229 episcopatum
1026 4145 1162 4224 cpolita-

56 4254 128 4297 nnm
144 4256 176 4296 es
165 4236 418 4316 abrogaverant.
461 4234 517 4299 sed
529 4254 599 4298 cum
612 4234 740 4298 ecclesia
754 4254 810 4299 sua
825 4234 952 4315 depulso
963 4235 1076 4293 Ioanne
1088 4250 1163 4293 con·
