2792 4709
114 994 129 1051 ·.
197 969 272 1047 sn
305 932 1047 1095 urcnrnoarnanvrsaruu
1189 992 1265 1050 1²5⁰

58 1170 115 1279 N
336 1174 387 1297 Ο
469 1248 470 1253 a
601 1174 654 1303 T
863 1176 915 1285 A
1130 1178 1175 1288 E

277 1422 465 1519 lucrosa
483 1421 668 1486 nroussrc
687 1420 864 1485 surano
885 1421 920 1484 a
939 1426 965 1484 s

386 1840 856 1961 anconam.

62 2016 137 2124 Ex
151 2061 287 2127 omnium
298 2064 513 2149 imperatorum
525 2086 653 2129 nurnero
665 2065 822 2127 nemiuem
834 2064 964 2144 reperies
977 2062 1032 2144 qui
1044 2074 1096 2123 aut
1110 2062 1173 2125 dif-

64 2150 193 2211 ficiliora
211 2168 303 2231 quam
319 2152 477 2215 Heraclius
489 2162 626 2233 tempora
636 2164 741 2215 nactus
756 2153 797 2212 sit
809 2160 860 2211 aut
870 2150 959 2233 plura
971 2145 1173 2229 praestantio-

65 2254 161 2317 raqua
172 2234 257 2295 brevi
271 2233 346 2296 adeo
360 2238 457 2319 spatio
470 2236 640 2319 perfecerit.
682 2234 791 2321 eadem
809 2255 879 2306 sero
893 2236 947 2303 illc
962 2245 1098 2315 tempora
1110 2256 1183 2297 non.

65 2320 167 2400 magis
191 2320 267 2380 olim
286 2320 436 2384 bellorum
456 2323 636 2384 tumultibus
661 2331 748 2383 erant
773 2340 867 2408 quam
889 2317 981 2380 hcrlie
1001 2323 1172 2380 narratione

65 2408 135 2485 ipsa
147 2414 217 2465 sunt
229 2414 320 2486 atque
338 2425 486 2469 annorum
500 2408 578 2467 seris
592 2406 776 2489 perturbata.
817 2398 877 2468 hcc
901 2407 982 2465 euim
1001 2407 1075 2463 citra
1090 2407 1172 2464 inri-

67 2490 152 2552 diam
173 2486 233 2551 dici
252 2500 368 2575 potest,
388 2490 509 2565 nullum
528 2490 703 2577 hucusque
727 2488 909 2570 chronicon,
930 2489 1054 2550 annales
1070 2492 1172 2553 nullos

67 2576 237 2653 exstitisse,
256 2577 290 2638 in
311 2574 421 2721 (pacibus
442 2597 506 2640 non
526 2577 580 2639 illa
601 2588 793 2661 praepostere
819 2569 967 2657 descripta
984 2574 1058 2651 siut,
1081 2585 1172 2657 atque

67 2680 112 2722 ex
128 2680 321 2723 annorumve
351 2662 565 2747 anticipatione
582 2664 633 2723 vel
644 2664 819 2728 traiectione
840 2664 906 2722 sitii
923 2659 1039 2745 aliquid
1055 2658 1173 2720 adhae-

67 2747 150 2809 serit.
191 2742 334 2829 equidem
355 2758 501 2829 qnantum
520 2748 635 2809 inillis
655 2750 767 2831 partim
784 2746 922 2815 eruendis
939 2747 1051 2828 partim
1065 2767 1174 2807 eman-

69 2830 177 2893 dandis
188 2852 297 2913 operae
310 2834 475 2913 posuerim,
494 2831 572 2895 mihi
583 2834 649 2914 ipse
663 2854 733 2895 sum
744 2836 899 2895 conscius:
921 2841 1068 2915 quantum
1081 2853 1171 2913 porro

68 2926 243 2979 consecutus
261 2918 387 2996 fusum,
410 2910 494 2983 milo
511 2916 547 2983 id
563 2921 693 2982 aliorum
714 2916 828 2983 iudicio
845 2919 1014 3005 relinquere
1031 2936 1125 3001 quam
1137 2918 1173 2977 in

69 3005 200 3067 cucone
212 3022 283 3063 msa
293 3024 418 3087 ponera.

153 3091 298 3151 Auctores
314 3108 388 3151 varo
407 3108 443 3149 ao
462 3082 554 3151 ducas
577 3084 706 3151 adhibui
727 3108 797 3150 cum
815 3088 893 3149 alios
907 3087 1085 3170 plerosque,
1104 3098 1174 3147 tuna

71 3168 239 3236 cedrenum
260 3193 296 3234 ac
315 3172 555 3255 Theophanem,
576 3174 661 3236 cuins
675 3176 789 3237 Graeca
801 3172 938 3235 nondum
950 3175 983 3231 in
996 3170 1076 3232 hano
1089 3170 1172 3233 diem

71 3260 191 3341 volgata
205 3279 299 3341 penes
313 3279 370 3321 nos
384 3256 565 3338 habuimus,
587 3271 655 3321 tum
665 3258 909 3323 Alexandrinam
923 3254 1093 3320 chronicon
1107 3261 1173 3320 sira

71 3347 174 3407 Festos
193 3345 327 3423 Siculos,
349 3363 425 3429 quos
445 3342 506 3407 hoo
527 3365 608 3407 anno
628 3348 664 3408 P.
678 3342 850 3409 Matthaeus
864 3342 1016 3429 liudonis,
1037 3346 1084 3405 vir
1103 3365 1175 3405 cum

71 3428 670 3602 iliiffiffiil‘iiiqlffipiilii.
683 3430 1197 3599 litttlftllsiistff·

71 3604 246 3679 stinximus,
266 3604 500 3680 verumetiam,
522 3600 606 3685 quod
625 3614 716 3686 caput
737 3614 799 3682 ast,
821 3604 943 3663 cuinam
960 3611 1040 3663 esset
1054 3600 1173 3661 lulianc

72 3708 149 3749 anno
162 3686 368 3764 tribuendum,
386 3707 447 3770 qua
460 3690 533 3749 anni
547 3686 753 3753 modulatione
767 3688 891 3748 annales
904 3688 1002 3749 nostri
1015 3706 1120 3747 omnes
1136 3706 1173 3744 ac
1280 3705 1283 3711 ·

73 3770 278 3855 chronologiae
306 3775 453 3835 nituntur.
506 3793 567 3857 quc
598 3774 725 3858 quidem
747 3794 804 3835 nos
824 3774 935 3854 partim
957 3770 1174 3846 indictionum,

74 3878 146 3943 quas
161 3857 219 3920 duo
235 3858 283 3920 illi
297 3860 477 3941 posteriores
493 3858 683 3939 adscribunt,
705 3853 812 3919 exacta
831 3859 927 3935 ratic,
947 3858 1059 3937 partim
1075 3876 1174 3917 anno-

74 3964 140 4007 rum
156 3956 243 4006 uotae
258 3944 342 4006 volut
353 3964 449 4005 mauu
460 3941 660 4009 deduxerunt.
701 3955 773 4007 sunt
783 3942 818 4005 hi
829 3941 920 4005 lunae
934 3942 1067 4024 solisque
1081 3942 1170 4021 cycli,
1187 3945 1210 3999 Ρ
1226 3944 1261 4004 51
1280 3998 1284 4005 .

75 4028 302 4177 acAEschatum
324 4040 356 4137 ct
375 4030 521 4135 feriarum
540 4028 775 4095 characterismi·
815 4047 947 4131 quorum
960 4024 1125 4087 methodus
1136 4031 1173 4087 ut

76 4114 111 4265 ii
124 4126 261 4267 aa&
276 4114 553 4276 millii
565 4137 739 4289 titiis
745 4110 1173 4287 millii&
