2792 4709
205 180 257 251 92
639 180 701 249 Dll
727 178 868 249 canen

205 343 429 405 οοοιιπιίυτιιισ.
474 344 515 407 ad
546 366 614 407 sam
642 367 732 427 porra
759 347 949 407 altitudinem
969 336 1096 409 aductus
1117 348 1314 429 petrum

205 430 323 502 tholus,
347 451 415 489 cum
426 444 494 512 pest
507 434 590 491 illins
603 452 706 493 casum
721 433 819 493 denuc
833 436 1014 493 instauratus
1028 445 1082 494 est.

290 516 342 580 35.
386 521 473 577 Αιιιιο
492 522 604 600 quippe
624 522 783 577 iustiniani
801 522 858 594 32,
881 538 950 577 cuna
973 520 1082 579 crebris
1103 530 1199 579 tarrae
1215 524 1314 579 moti-

207 606 264 661 bus
285 622 463 661 concussum
486 602 743 683 hemisphaerium
757 608 848 663 rimas
863 616 980 683 ageret,
1003 605 1127 663 taudem
1142 623 1212 685 pars
1225 606 1315 665 illius

205 688 360 746 orientalis
382 688 527 764 concidit,
549 701 580 748 et
596 692 743 749 cibarium
757 700 787 748 at
799 707 916 749 sacram
931 706 1066 748 ιιιοιιιοιιι
1082 708 1141 747 uua
1156 708 1225 747 cum
1242 710 1316 749 asu-

204 775 283 833 hcns
307 777 455 833 contrivit.
498 794 611 833 anuum
634 796 771 835 mensem
792 786 821 834 et
842 774 924 834 diem
944 794 1030 833 casus
1044 776 1153 833 trullae
1169 774 1315 835 describit

205 856 425 937 Theophanes.
446 855 542 945 τούτῳ
565 866 610 945 spi
630 862 703 938 έιει,
724 860 796 941 μηνί
813 856 957 965 Μαίῳξ,
979 853 1177 945 ἦμέραγ’,”
1151 883 1217 944 υρα
1231 860 1314 938 πέμ·-

204 968 281 1049 serp,
315 946 575 1026 φιλοκαλουμένου
597 950 654 1008 τοῦ
675 944 823 1026 rpcaillov
844 951 899 1027 τῆς
919 944 1049 1027 μεγάλης
1062 922 1225 1025 ἐκκλησίας
1245 939 1315 1025 (ἦν

225 1054 263 1107 αρ
288 1029 499 1107 διερρηγμένος
518 1030 552 1093 έν
573 1036 636 1093 τῶν
657 1031 829 1113 γενομένων
852 1036 998 1111 sareptis,
1020 1030 1224 1111 έργαζομένοιν
1247 1036 1316 1092 τοῖν

203 1054 367 1194 ίσαιίρυν)
389 1113 537 1177 έπεσεν
502 1140 536 1179 το
551 1110 731 1180 deecclesia
742 1115 880 1224 ρέρος
841 1140 896 1195 της
908 1118 1141 1223 προῦπρσιολῆς
1151 1138 1206 1179 του
1193 1112 1317 1196 ἁγίου

204 1200 443 1307 θοσωριηρίου,
463 1200 515 1263 καλ
531 1202 711 1283 συνέτριψεν
722 1226 755 1267 το
750 1197 916 1281 κιβοίριον
928 1198 1028 1263 καλ
991 1224 1048 1281 την
1061 1200 1153 1282 ἁγίαν
1161 1197 1318 1281 τράπεζαν

203 1281 310 1347 sat*
277 1306 331 1345 τον
353 1281 491 1364 αμβοινα.
533 1286 573 1346 ad
593 1286 675 1347 hunc
694 1286 911 1367 hemisphaerii
935 1304 1037 1347 casum
1059 1297 1196 1366 spectant
1218 1290 1318 1347 etiam

205 1389 310 1431 versus
329 1372 418 1429 Pauli
434 1372 600 1431 silentiarii
612 1386 689 1453 pam
708 1380 770 1438 1r.
785 1374 844 1438 52:

369 1452 432 1535 ἤδη
448 1454 504 1537 μέν
517 1466 713 1563 σθεναροῖσιν
727 1459 894 1561 iafpssuuia
907 1458 1061 1536 θεμείλοις

225 1634 238 1683 ι
297 1539 683 1691 141σιμοίρηςήμιτοίμοιο
693 1539 842 1625 κατήριπε
856 1544 998 1617 θέσκελος
1013 1538 1107 1619 ἄντυξ
1122 1551 1179 1617 etc,

206 1644 225 1682 ο
250 1644 282 1685 τ.

372 1705 485 1859 malt»
501 1705 729 1795 ἅπατμηγίντος
742 1706 918 1795 έραινήμοιο
933 1705 1073 1793 καρήνου

455 1814 517 1859 σιν.

205 1879 394 1959 collapsum
384 1884 478 1961 igitur
490 1883 541 1940 val
553 1893 632 1941 certe
646 1882 859 1940 labefactatum
875 1880 1134 1963 hemisphaerium
1144 1896 1207 1938 nan
1219 1877 1318 1937 modu

205 1964 245 2023 de
266 1984 347 2025 neve
367 1970 545 2027 instauravit
564 1968 765 2037 lmtinianus,
788 1966 843 2027 sed
859 1970 951 2025 etiem
964 1972 997 2027 in
1011 1969 1157 2026 maiorem
1175 1962 1318 2022 altitudi-

203 2070 278 2109 nsm
300 2054 427 2127 extulit,
462 2051 578 2113 isidero
603 2056 722 2112 iuniore
743 2054 862 2112 Milesio
886 2072 958 2112 usus
981 2050 1159 2124 architecto,
1191 2047 1316 2123 lsidcri,

204 2138 260 2217 qui
284 2136 393 2197 aedem
414 2136 601 2218 sophianam
619 2141 752 2218 primum
768 2148 973 2211 exstruxerat,
992 2148 1119 2217 nepote,
1143 2138 1228 2195 οιιίιια
1242 2152 1316 2192 ms·
1389 2174 1390 2201 3

204 2224 295 2280 miuit
314 2224 494 2328 Procopius
495 2222 647 2283 dehedii.
660 2226 742 2287 22:
765 2225 881 2282 obierat
897 2222 978 2281 enim
994 2221 1185 2283 Anthemius
1226 2223 1317 2325 Aga·
1389 2212 1390 2263 ί

204 2305 301 2366 thius:
323 2304 389 2371 τότε
404 2303 494 2372 dl’
454 2304 547 2373 αυτὸν
560 2306 622 2372 cul
638 2332 694 2373 του
681 2302 819 2371 ἰιλένου
832 2332 865 2371 το
857 2305 1065 2412 μεσαίτατον
1069 2308 1209 2387 μίρος”
1171 2328 1227 2411 της
1238 2298 1316 2385 α’ρσ·

205 2397 270 2472 φῆς
281 2390 371 2455 ιαλ”
349 2414 470 2457 απαντα
481 2391 675 2475 areptitium
693 2388 924 2499 ιέπσβιβληκότα
941 2386 1122 2457 έπεσκαῦασέ
1138 2414 1169 2454 ιε
1185 2384 1318 2464 ealdred

206 2476 350 2582 βαριλειίς
370 2477 565 2563 βεβααίτιρον
584 2480 638 2543 καλ
655 2479 708 2543 tet
727 2474 1033 2564 μεῖζονίίψοςίξηρε
1077 2496 1169 2559 quam
1186 2474 1316 2555 quidem
1388 2558 1389 2563 ρ

205 2567 353 2623 maiorem
373 2566 565 2638 altitudinem
586 2567 628 2630 26
650 2565 765 2645 pedum
787 2586 851 2625 esse
872 2542 993 2624 tradunt
1016 2568 1175 2643 scriptores
1195 2581 1316 2665 ornnes.

205 2646 430 2727 Theophanes:
458 2647 599 2756 βασιλευς
620 2648 742 2732 η’μειρεν
763 2647 874 2723 ἄλλους
895 2646 1024 2723 πινσους
1044 2650 1095 2713 παλ
1115 2647 1235 2723 ἐλέξατο
1257 2642 1318 2710 τίν
1388 2638 1389 2655 ’

205 2738 368 2838 spcpllce,
392 2731 510 2798 ssul‘'
469 2758 569 2809 ουτως
589 2736 731 2838 έκτίσθη,
759 2735 902 2814 dandule
923 2736 1015 2798 πλέον
1037 2736 1131 2797 alnou
1151 2727 1247 2807 πέδας
1272 2732 1319 2806 είς

205 2812 359 2898 νίναβασιν
381 2815 485 2881 lascivas
503 2825 561 2882 rusi
579 2812 703 2922 προέτον
719 2822 887 2901 κτίσματος.
929 2825 1081 2881 Zonaras:
1102 2815 1180 2882 ὅθεν
1198 2816 1318 2927 λέγεται

113 2914 116 2920 ’
204 2901 258 2965 καί
278 2900 331 2965 τίν
349 2906 480 2983 τροαῑλον
496 2900 659 3007 προστάξει
673 2908 736 2967 τῶν
754 2904 900 2986 βασιλέων
915 2904 1206 2985 καθαιρεθῆναικαλ
1219 2894 1319 2977 αυθις
1387 2952 1388 2959 .

205 2982 412 3070 οἲνεμιρθῆναι
424 2987 476 3052 tet
491 2984 588 3062 κοιλας
601 2989 697 3053 siccas
710 2991 760 3053 καί
776 2990 863 3054 πέντε
877 2986 1109 3099 μετεωρότερον,
1131 2990 1182 3052 καλ
1200 2997 1316 3053 suess-
1387 3030 1388 3055 t

204 3078 348 3155 ροιίλῆναι
361 3098 445 3156 παρα
433 3069 617 3155 Ειίτοηίου
630 3098 685 3138 του
701 3070 1098 3159 πατρκιίρχουτοόιιίτιρον.
1141 3076 1316 3155 exquibus
1387 3078 1388 3083 ’

205 3172 330 3239 apparet
350 3178 429 3241 quae
448 3159 524 3219 fades
538 3158 711 3220 adhibenda
723 3165 763 3221 sit
775 3162 940 3241 nugacibus
955 3181 990 3220 ac
1003 3164 1151 3241 imperitis
1168 3164 1236 3219 aevi
1253 3180 1316 3219 ex-

98 3246 189 3303 etas
205 3248 295 3305 tremi
314 3246 486 3320 Graeculis,
508 3246 706 3305 scribentibus
728 3248 809 3305 uluis
830 3245 978 3307 duntaxat
995 3247 1169 3347 qpindecim
1185 3266 1202 3305 a
1216 3249 1316 3325 priori

204 3330 363 3389 altitudine
381 3334 493 3391 excisis
508 3330 767 3439 hemisphaerium
785 3352 904 3391 rursum
921 3320 1155 3407 aedific'atum,
1147 3352 1180 3390 ιιι
1201 3334 1316 3436 quibus

203 3427 251 3477 est
264 3418 402 3523 Glypas·
425 3411 608 3519 αἰνεγείριται
629 3408 740 3491 αὖθις,
762 3414 901 3492 artearte
924 3416 958 3481 dl
980 3413 1066 3481 λοιποί
1067 3440 1158 3497 μενος
1179 3413 1260 3500 πρὸς
1277 3414 1316 3481 sd
1386 3448 1387 3465 ι

201 3495 313 3587 πρῴην
327 3496 460 3585 ὄρηυιοῖν
475 3495 522 3565 ιε’.
564 3499 672 3561 eadem
687 3499 801 3563 habeut
818 3506 996 3585 Aucuyruus
1010 3514 1041 3562 et
1053 3502 1196 3563 Cadmus
1241 3524 1313 3562 cuna

202 3590 296 3667 igitur
316 3591 466 3668 Euagrius
486 3586 701 3667 hemisphaerii
724 3588 915 3649 altitudinem
937 3608 954 3647 a
973 3593 1145 3669 parimento
1168 3587 1207 3647 ad
1226 3590 1313 3649 illius

203 3685 340 3733 centrum
354 3673 468 3754 pedum
482 3676 555 3749 180,
575 3674 694 3753 Gyllius
706 3694 778 3734 vero
789 3673 979 3733 altitudinem
991 3696 1008 3733 a
1021 3694 1140 3736 summa
1152 3685 1313 3733 curvatura

203 3780 331 3819 arcuum
349 3777 447 3840 usque
472 3758 512 3817 ad
533 3762 741 3838 pavimentum
757 3760 817 3823 142
831 3759 1019 3838 padumesse
1032 3759 1169 3835 uadunt,
1190 3760 1315 3819 videtur

203 3846 310 3904 confici
336 3842 552 3925 hemisphaerii
573 3846 669 3923 ipsius
693 3844 884 3905 altitudinem
909 3866 976 3907 esse
1001 3850 1042 3910 38
1066 3844 1188 3926 pedum.
1238 3866 1313 3905 uam
1385 3896 1386 3913 ,

204 3934 342 4005 Τοιοιιι,
364 3950 523 4011 perquem
536 3930 645 3989 aedem
658 3927 845 4009 sophianam
858 3933 1232 4011 metiricuraritliyllius,
1254 3930 1314 3990 he-

204 4017 424 4097 misphaerium
443 4036 506 4076 non
525 4036 649 4075 mensus
670 4024 734 4089 τοῖς
764 4019 817 4096 qui
841 4019 866 4074 si
889 4030 970 4077 recte
995 4038 1118 4077 mensus
1134 4028 1213 4077 emet
1226 4018 1312 4077 illius

206 4103 413 4179 altitudinem,
436 4122 505 4161 eam
517 4102 556 4160 ab
569 4098 730 4161 altitudine
744 4119 838 4181 quam
855 4102 946 4163 tradit
957 4107 1106 4184 Euagrius
1121 4121 1232 4185 parum
1247 4102 1313 4163 dis-
1384 4176 1385 4189 ρ

206 4208 329 4269 crepare
349 4190 563 4269 comperisset,
589 4197 624 4249 ut
643 4186 764 4271 (ly-llius
789 4184 913 4271 quidam
932 4191 1106 4268 existimat,
1135 4208 1315 4273 quenquam
1384 4202 1385 4247 t

1381 4570 1384 4650 ρ
